
<marc:record><marc:leader>00911cam a22001693  4500</marc:leader>
<marc:controlfield tag="001">000008284</marc:controlfield>
<marc:controlfield tag="003">Uk</marc:controlfield><marc:controlfield tag="005">20120203162600.0</marc:controlfield><marc:controlfield tag="008">870813|1808|||||||    ||    |||| |||||  </marc:controlfield><marc:datafield tag="040" ind1=" " ind2=" "><marc:subfield code="a">Uk</marc:subfield><marc:subfield code="c">Uk</marc:subfield></marc:datafield><marc:datafield tag="245" ind1="1" ind2="0"><marc:subfield code="a">Brother Abraham's answer to Peter Plymley [i.e. to his “Letters on the subject of the Catholics to my brother Abraham, who lives in the Country”] ... in two letters: to which is prefixed: a “postliminious” preface.</marc:subfield></marc:datafield><marc:datafield tag="260" ind1=" " ind2=" "><marc:subfield code="a">London :</marc:subfield><marc:subfield code="b">Cradock &amp; Joy,</marc:subfield><marc:subfield code="c">1808.</marc:subfield></marc:datafield><marc:datafield tag="300" ind1=" " ind2=" "><marc:subfield code="a">xxii, 41 p. ;</marc:subfield><marc:subfield code="c">8º.</marc:subfield></marc:datafield><marc:datafield tag="700" ind1="1" ind2=" "><marc:subfield code="a">PLYMLEY, Peter,</marc:subfield><marc:subfield code="c">pseud. [i.e. Sydney Smith.].</marc:subfield><marc:subfield code="t">Letters on the subject of the Catholics ... Eleventh edition.</marc:subfield></marc:datafield><marc:datafield tag="720" ind1=" " ind2=" "><marc:subfield code="a">ABRAHAM, Brother, pseud. [i.e. Richard King.]</marc:subfield><marc:subfield code="e">main entry</marc:subfield></marc:datafield><marc:datafield tag="852" ind1="4" ind2="1"><marc:subfield code="a">British Library</marc:subfield><marc:subfield code="b">HMNTS</marc:subfield><marc:subfield code="j">3939.e.3.(2.)</marc:subfield></marc:datafield><marc:datafield tag="886" ind1="2" ind2=" "><marc:subfield code="2">blmarc</marc:subfield><marc:subfield code="a">709</marc:subfield><marc:subfield code="b">00</marc:subfield><marc:subfield code="a">PLYMLEY</marc:subfield><marc:subfield code="h">Peter</marc:subfield><marc:subfield code="f">pseud. [i.e. Sydney Smith.]</marc:subfield><marc:subfield code="t">Letters on the subject of the Catholics ... Eleventh edition.</marc:subfield><marc:subfield code="p">3939.e.3.(2.)</marc:subfield><marc:subfield code="x">2611060045</marc:subfield></marc:datafield></marc:record>