
<marc:record><marc:leader>00968cam a22002053  4500</marc:leader>
<marc:controlfield tag="001">000008319</marc:controlfield>
<marc:controlfield tag="003">Uk</marc:controlfield><marc:controlfield tag="005">20120203162600.0</marc:controlfield><marc:controlfield tag="008">870813|1892|||||||    ||    |||| ||eng  </marc:controlfield><marc:datafield tag="040" ind1=" " ind2=" "><marc:subfield code="a">Uk</marc:subfield><marc:subfield code="c">Uk</marc:subfield></marc:datafield><marc:datafield tag="245" ind1="1" ind2="4"><marc:subfield code="a">The Testament of Abraham. The Greek text now first edited with an introduction and notes, by M. R. James ... With an appendix containing extracts from the Arabic version of the Testaments of Abraham, Isaac and Jacob, by W. E. Barnes.</marc:subfield></marc:datafield><marc:datafield tag="260" ind1=" " ind2=" "><marc:subfield code="a">Cambridge :</marc:subfield><marc:subfield code="b">University Press,</marc:subfield><marc:subfield code="c">1892.</marc:subfield></marc:datafield><marc:datafield tag="300" ind1=" " ind2=" "><marc:subfield code="a">viii, 166 p. ;</marc:subfield><marc:subfield code="c">8º.</marc:subfield></marc:datafield><marc:datafield tag="490" ind1="0" ind2=" "><marc:subfield code="a">[Robinson (Jos. A.) Texts and Studies. vol. 2. no. 2.]</marc:subfield></marc:datafield><marc:datafield tag="700" ind1="1" ind2=" "><marc:subfield code="a">Barnes, W. Emery</marc:subfield><marc:subfield code="q">(William Emery),</marc:subfield><marc:subfield code="d">1859-1939.</marc:subfield></marc:datafield><marc:datafield tag="700" ind1="1" ind2=" "><marc:subfield code="a">James, M. R.</marc:subfield><marc:subfield code="q">(Montague Rhodes),</marc:subfield><marc:subfield code="d">1862-1936.</marc:subfield></marc:datafield><marc:datafield tag="720" ind1=" " ind2=" "><marc:subfield code="a">ABRAHAM, the Patriarch</marc:subfield><marc:subfield code="e">main entry</marc:subfield></marc:datafield><marc:datafield tag="852" ind1="4" ind2="1"><marc:subfield code="a">British Library</marc:subfield><marc:subfield code="b">HMNTS</marc:subfield><marc:subfield code="j">03605.h.21/2.</marc:subfield></marc:datafield><marc:datafield tag="886" ind1="2" ind2=" "><marc:subfield code="2">blmarc</marc:subfield><marc:subfield code="a">709</marc:subfield><marc:subfield code="b">00</marc:subfield><marc:subfield code="a">BARNES</marc:subfield><marc:subfield code="h">William Emery</marc:subfield><marc:subfield code="p">03605.h.21/2.</marc:subfield><marc:subfield code="x">0192670239</marc:subfield></marc:datafield><marc:datafield tag="886" ind1="2" ind2=" "><marc:subfield code="2">blmarc</marc:subfield><marc:subfield code="a">709</marc:subfield><marc:subfield code="b">00</marc:subfield><marc:subfield code="a">JAMES</marc:subfield><marc:subfield code="h">Montague Rhodes</marc:subfield><marc:subfield code="p">2004.b.</marc:subfield><marc:subfield code="x">1631990217</marc:subfield></marc:datafield></marc:record>