
<marc:record><marc:leader>00740cam a22001693  4500</marc:leader>
<marc:controlfield tag="001">000008320</marc:controlfield>
<marc:controlfield tag="003">Uk</marc:controlfield><marc:controlfield tag="005">20120903154800.0</marc:controlfield><marc:controlfield tag="008">870813|1897|||||||    ||    |||| ||eng  </marc:controlfield><marc:datafield tag="040" ind1=" " ind2=" "><marc:subfield code="a">Uk</marc:subfield><marc:subfield code="c">Uk</marc:subfield></marc:datafield><marc:datafield tag="245" ind1="1" ind2="4"><marc:subfield code="a">The Testament of Abraham, the Acts of Xanthippe and Polyxena, the Narrative of Zosimus. Translated by W. A. Craigie.</marc:subfield></marc:datafield><marc:datafield tag="260" ind1=" " ind2=" "><marc:subfield code="c">1897.</marc:subfield></marc:datafield><marc:datafield tag="580" ind1=" " ind2=" "><marc:subfield code="a">In : Roberts (Alexander) D.D., and Donaldson (J.) Principal, etc. Ante-Nicene Christian Library. Additional vol. 1867, etc. 8º.</marc:subfield></marc:datafield><marc:datafield tag="700" ind1="1" ind2=" "><marc:subfield code="a">Craigie, William A.</marc:subfield><marc:subfield code="q">(William Alexander),</marc:subfield><marc:subfield code="c">Sir,</marc:subfield><marc:subfield code="d">1867-1957</marc:subfield></marc:datafield><marc:datafield tag="720" ind1=" " ind2=" "><marc:subfield code="a">ABRAHAM, the Patriarch</marc:subfield><marc:subfield code="e">main entry</marc:subfield></marc:datafield><marc:datafield tag="852" ind1="4" ind2="1"><marc:subfield code="a">British Library</marc:subfield><marc:subfield code="b">HMNTS</marc:subfield><marc:subfield code="j">3628.bb.1/25.</marc:subfield></marc:datafield><marc:datafield tag="886" ind1="2" ind2=" "><marc:subfield code="2">blmarc</marc:subfield><marc:subfield code="a">709</marc:subfield><marc:subfield code="b">00</marc:subfield><marc:subfield code="a">CRAIGIE</marc:subfield><marc:subfield code="e">Sir</marc:subfield><marc:subfield code="h">William Alexander</marc:subfield><marc:subfield code="p">3628.bb.1/25.</marc:subfield><marc:subfield code="x">0721010156</marc:subfield></marc:datafield></marc:record>