
<marc:record><marc:leader>01023cam a22001693  4500</marc:leader>
<marc:controlfield tag="001">000008325</marc:controlfield>
<marc:controlfield tag="003">Uk</marc:controlfield><marc:controlfield tag="005">20110119132300.0</marc:controlfield><marc:controlfield tag="008">870813|1856|||||||    ||    |||| |||||  </marc:controlfield><marc:datafield tag="040" ind1=" " ind2=" "><marc:subfield code="a">Uk</marc:subfield><marc:subfield code="c">Uk</marc:subfield></marc:datafield><marc:datafield tag="245" ind1="1" ind2="0"><marc:subfield code="a">[Ἡ Θυσια του Ἀβρααμ, ἱστορια ψυχωφελεστατη, εὐγαλμενη ἀπο την Ἁγιαν Γραφην, συντεθεμενη παλαια δια στιχων ἁπλων, etc. [Adapted from 'Lo Isach,' by Luigi Groto.]]</marc:subfield></marc:datafield><marc:datafield tag="250" ind1=" " ind2=" "><marc:subfield code="a">[Another edition.]</marc:subfield></marc:datafield><marc:datafield tag="260" ind1=" " ind2=" "><marc:subfield code="a">pp. 48. ἐν Βενετιᾳ, 1856.</marc:subfield></marc:datafield><marc:datafield tag="300" ind1=" " ind2=" "><marc:subfield code="a">8º.</marc:subfield></marc:datafield><marc:datafield tag="720" ind1=" " ind2=" "><marc:subfield code="a">ABRAHAM, the Patriarch</marc:subfield><marc:subfield code="e">main entry</marc:subfield></marc:datafield><marc:datafield tag="787" ind1="0" ind2=" "><marc:subfield code="t">Ἡ Θυσια του Ἀβρααμ, ἱστορια ψυχωφελεστατη, εὐγαλμενη ἀπο την Ἁγιαν Γραφην, συντεθεμενη παλαια δια στιχων ἁπλων, etc. [Adapted from 'Lo Isach,' by Luigi Groto.]</marc:subfield><marc:subfield code="d">pp. 48. Ἐις την Βενετιαν, 1713. 8º.</marc:subfield><marc:subfield code="w">(Uk)MP1.0000009128</marc:subfield></marc:datafield><marc:datafield tag="852" ind1="4" ind2="1"><marc:subfield code="a">British Library</marc:subfield><marc:subfield code="b">HMNTS</marc:subfield><marc:subfield code="j">11586.ff.27.</marc:subfield></marc:datafield></marc:record>