
<marc:record><marc:leader>00911cam a22001573  4500</marc:leader>
<marc:controlfield tag="001">000008348</marc:controlfield>
<marc:controlfield tag="003">Uk</marc:controlfield><marc:controlfield tag="005">20110224145400.0</marc:controlfield><marc:controlfield tag="008">870813|1844|||||||    ||    |||| |||||  </marc:controlfield><marc:datafield tag="040" ind1=" " ind2=" "><marc:subfield code="a">Uk</marc:subfield><marc:subfield code="c">Uk</marc:subfield></marc:datafield><marc:datafield tag="245" ind1="1" ind2="0"><marc:subfield code="a">Er is slechts eén God! ... Verdediging van het Joodsche Volk, ten tijde van Jezus van Nazareth, tegen de harde beschuldigingen der Christenen ... naar het Hoogduitsch van Benjamin Wollsteiner. Volgens den ... dertienden druk in het Engelsch.</marc:subfield></marc:datafield><marc:datafield tag="260" ind1=" " ind2=" "><marc:subfield code="a">Amsterdam,</marc:subfield><marc:subfield code="c">1844.</marc:subfield></marc:datafield><marc:datafield tag="300" ind1=" " ind2=" "><marc:subfield code="a">52 p. ;</marc:subfield><marc:subfield code="c">8º.</marc:subfield></marc:datafield><marc:datafield tag="720" ind1=" " ind2=" "><marc:subfield code="a">ABRAHAM BEN JADDAI</marc:subfield><marc:subfield code="e">main entry</marc:subfield></marc:datafield><marc:datafield tag="775" ind1="0" ind2=" "><marc:subfield code="t">[Er is slechts eén God! ... Verdediging van het Joodsche Volk, ten tijde van Jezus van Nazareth, tegen de harde beschuldigingen der Christenen ... naar het Hoogduitsch van Benjamin Wollsteiner. Volgens den ... dertienden druk in het Engelsch.]</marc:subfield><marc:subfield code="d">pp. 104. Amsterdam, 1864. 8º.</marc:subfield><marc:subfield code="w">(Uk)MP1.0000009158.1</marc:subfield></marc:datafield><marc:datafield tag="852" ind1="4" ind2="1"><marc:subfield code="a">British Library</marc:subfield><marc:subfield code="b">HMNTS</marc:subfield><marc:subfield code="j">4033.aa.51.(4.)</marc:subfield></marc:datafield></marc:record>