
<marc:record><marc:leader>01098cam a22001933  4500</marc:leader>
<marc:controlfield tag="001">000008349</marc:controlfield>
<marc:controlfield tag="003">Uk</marc:controlfield><marc:controlfield tag="005">20110224145400.0</marc:controlfield><marc:controlfield tag="008">870813|1864|||||||    ||    |||| |||||  </marc:controlfield><marc:datafield tag="040" ind1=" " ind2=" "><marc:subfield code="a">Uk</marc:subfield><marc:subfield code="c">Uk</marc:subfield></marc:datafield><marc:datafield tag="245" ind1="1" ind2="0"><marc:subfield code="a">[Er is slechts eén God! ... Verdediging van het Joodsche Volk, ten tijde van Jezus van Nazareth, tegen de harde beschuldigingen der Christenen ... naar het Hoogduitsch van Benjamin Wollsteiner. Volgens den ... dertienden druk in het Engelsch.]</marc:subfield></marc:datafield><marc:datafield tag="250" ind1=" " ind2=" "><marc:subfield code="a">[Another edition.] Er is maar één God! ... Door A. B. de Graaf.</marc:subfield></marc:datafield><marc:datafield tag="260" ind1=" " ind2=" "><marc:subfield code="a">Amsterdam,</marc:subfield><marc:subfield code="c">1864.</marc:subfield></marc:datafield><marc:datafield tag="300" ind1=" " ind2=" "><marc:subfield code="a">104 p. ;</marc:subfield><marc:subfield code="c">8º.</marc:subfield></marc:datafield><marc:datafield tag="700" ind1="1" ind2=" "><marc:subfield code="a">GRAAF, A. Buys de.</marc:subfield></marc:datafield><marc:datafield tag="720" ind1=" " ind2=" "><marc:subfield code="a">ABRAHAM BEN JADDAI</marc:subfield><marc:subfield code="e">main entry</marc:subfield></marc:datafield><marc:datafield tag="787" ind1="0" ind2=" "><marc:subfield code="t">Er is slechts eén God! ... Verdediging van het Joodsche Volk, ten tijde van Jezus van Nazareth, tegen de harde beschuldigingen der Christenen ... naar het Hoogduitsch van Benjamin Wollsteiner. Volgens den ... dertienden druk in het Engelsch.</marc:subfield><marc:subfield code="d">pp. 52. Amsterdam, 1844. 8º.</marc:subfield><marc:subfield code="w">(Uk)MP1.0000009158</marc:subfield></marc:datafield><marc:datafield tag="852" ind1="4" ind2="1"><marc:subfield code="a">British Library</marc:subfield><marc:subfield code="b">HMNTS</marc:subfield><marc:subfield code="j">4034.g.17.</marc:subfield></marc:datafield><marc:datafield tag="886" ind1="2" ind2=" "><marc:subfield code="2">blmarc</marc:subfield><marc:subfield code="a">709</marc:subfield><marc:subfield code="b">00</marc:subfield><marc:subfield code="a">GRAAF</marc:subfield><marc:subfield code="h">A. Buys de</marc:subfield><marc:subfield code="p">4034.g.17.</marc:subfield><marc:subfield code="x">1300640278</marc:subfield></marc:datafield></marc:record>