
<marc:record><marc:leader>01612cam a22003017a 4500</marc:leader>
<marc:controlfield tag="001">000008359</marc:controlfield>
<marc:controlfield tag="003">Uk</marc:controlfield><marc:controlfield tag="005">20080630134031.0</marc:controlfield><marc:controlfield tag="008">990513s1864    fr            000 0 heb d</marc:controlfield><marc:datafield tag="035" ind1=" " ind2=" "><marc:subfield code="a">(OCoLC)41358147</marc:subfield><marc:subfield code="z">(OCoLC)4368986</marc:subfield></marc:datafield><marc:datafield tag="040" ind1=" " ind2=" "><marc:subfield code="a">Uk</marc:subfield><marc:subfield code="c">Uk</marc:subfield><marc:subfield code="d">Uk</marc:subfield></marc:datafield><marc:datafield tag="041" ind1="1" ind2=" "><marc:subfield code="a">fre</marc:subfield><marc:subfield code="h">heb</marc:subfield></marc:datafield><marc:datafield tag="100" ind1="1" ind2=" "><marc:subfield code="6">880-01</marc:subfield><marc:subfield code="a">Ibn Ezra, Abraham ben Meïr,</marc:subfield><marc:subfield code="d">1092-1167</marc:subfield></marc:datafield><marc:datafield tag="245" ind1="1" ind2="0"><marc:subfield code="6">880-02</marc:subfield><marc:subfield code="a">Ma'adane-Melekh :</marc:subfield><marc:subfield code="b">tseḥoḳ shakh ʿim ha-ḥaruzim leha-rav Avraham Ibn-ʿEzra ... u-melitsah asher ḥibrah r. Bon 'Senior Ibn-Yaḥya; ʿim haʿataḳah ṿe-hagahot be-lashon Tsarfat me-et L. ben D. Hollendersḳi.</marc:subfield></marc:datafield><marc:datafield tag="246" ind1="1" ind2="5"><marc:subfield code="a">Délices royales :</marc:subfield><marc:subfield code="b">ou, Le jeu des échecs, son histoire, ses règles et sa valeur morale</marc:subfield></marc:datafield><marc:datafield tag="260" ind1=" " ind2=" "><marc:subfield code="a">Paris,</marc:subfield><marc:subfield code="c">624 [1864]</marc:subfield></marc:datafield><marc:datafield tag="300" ind1=" " ind2=" "><marc:subfield code="a">2 pts. :</marc:subfield><marc:subfield code="c">19 cm.</marc:subfield></marc:datafield><marc:datafield tag="546" ind1=" " ind2=" "><marc:subfield code="a">Text in Hebrew and French.</marc:subfield></marc:datafield><marc:datafield tag="650" ind1=" " ind2="0"><marc:subfield code="a">Chess</marc:subfield><marc:subfield code="v">Poetry.</marc:subfield></marc:datafield><marc:datafield tag="650" ind1=" " ind2="0"><marc:subfield code="a">Chess</marc:subfield><marc:subfield code="x">History.</marc:subfield></marc:datafield><marc:datafield tag="700" ind1="0" ind2=" "><marc:subfield code="6">880-04.</marc:subfield><marc:subfield code="a">Ibn Yaḥya,</marc:subfield><marc:subfield code="c">Bonsenior,</marc:subfield><marc:subfield code="d">active 15th century</marc:subfield></marc:datafield><marc:datafield tag="700" ind1="1" ind2=" "><marc:subfield code="6">880-03</marc:subfield><marc:subfield code="a">Hollaenderski, Léon,</marc:subfield><marc:subfield code="d">1808-1878.</marc:subfield></marc:datafield><marc:datafield tag="852" ind1="4" ind2="1"><marc:subfield code="a">British Library</marc:subfield><marc:subfield code="b">HMNTS</marc:subfield><marc:subfield code="j">7915.bb.44.(6.)</marc:subfield></marc:datafield><marc:datafield tag="852" ind1="4" ind2="1"><marc:subfield code="a">British Library</marc:subfield><marc:subfield code="b">OC</marc:subfield><marc:subfield code="j">1980.d.26</marc:subfield></marc:datafield><marc:datafield tag="880" ind1="1" ind2=" "><marc:subfield code="6">100-01//r</marc:subfield><marc:subfield code="a">אבן־עזרא, אברהם בן מאיר,</marc:subfield><marc:subfield code="d">1092-1167.</marc:subfield></marc:datafield><marc:datafield tag="880" ind1="1" ind2="5"><marc:subfield code="6">245-02//r</marc:subfield><marc:subfield code="a">מעדני מלך :</marc:subfield><marc:subfield code="b">צחוק שאך עם החרוזים להרב אברהם אבן-עזרא ... ומליצה ... אשר חברה ר' בון שניור אבן יחיא עם העתקה והגהות בלשון צרפת מאת ל' בן ד' האללענדערסקי.</marc:subfield></marc:datafield><marc:datafield tag="880" ind1="1" ind2=" "><marc:subfield code="6">700-03//r</marc:subfield><marc:subfield code="a">האללאנדערסקי, ליב בן דוד,</marc:subfield><marc:subfield code="d">1808-1878.</marc:subfield></marc:datafield><marc:datafield tag="880" ind1="0" ind2=" "><marc:subfield code="6">700-04//r</marc:subfield><marc:subfield code="a">אבן־יחיא,</marc:subfield><marc:subfield code="c">בון שניור,</marc:subfield><marc:subfield code="d">המאה ה־15.</marc:subfield></marc:datafield></marc:record>