
<marc:record><marc:leader>01270cam a22003257a 4500</marc:leader>
<marc:controlfield tag="001">000008372</marc:controlfield>
<marc:controlfield tag="003">Uk</marc:controlfield><marc:controlfield tag="005">20080630141049.0</marc:controlfield><marc:controlfield tag="008">010807s1847    pl            000 1 ger d</marc:controlfield><marc:datafield tag="040" ind1=" " ind2=" "><marc:subfield code="a">Uk</marc:subfield><marc:subfield code="c">Uk</marc:subfield><marc:subfield code="d">Uk</marc:subfield></marc:datafield><marc:datafield tag="041" ind1="1" ind2=" "><marc:subfield code="a">ger</marc:subfield><marc:subfield code="h">heb</marc:subfield></marc:datafield><marc:datafield tag="066" ind1=" " ind2=" "><marc:subfield code="c">(2</marc:subfield></marc:datafield><marc:datafield tag="100" ind1="1" ind2=" "><marc:subfield code="6">880-01</marc:subfield><marc:subfield code="a">Ibn Ḥasdai, Abraham ben Samuel,</marc:subfield><marc:subfield code="c">ha-Levi,</marc:subfield><marc:subfield code="d">active 13th century</marc:subfield></marc:datafield><marc:datafield tag="240" ind1="1" ind2="0"><marc:subfield code="a">Ben ha-melekh ṿeha-nazir.</marc:subfield><marc:subfield code="l">German.</marc:subfield></marc:datafield><marc:datafield tag="245" ind1="1" ind2="0"><marc:subfield code="6">880-02</marc:subfield><marc:subfield code="a">Prinz und Derwisch =</marc:subfield><marc:subfield code="b">Ben ha-melekh ṿeha-nazir : oder Die Makamen Ibn-Chisdais /</marc:subfield><marc:subfield code="c">von W. A. Meisel.</marc:subfield></marc:datafield><marc:datafield tag="246" ind1="3" ind2="1"><marc:subfield code="a">Ben ha-melekh ṿeha-nazir</marc:subfield></marc:datafield><marc:datafield tag="246" ind1="3" ind2="0"><marc:subfield code="a">Makamen Ibn-Chisdais</marc:subfield></marc:datafield><marc:datafield tag="260" ind1=" " ind2=" "><marc:subfield code="a">Stettin :</marc:subfield><marc:subfield code="b">H. Effenbarts,</marc:subfield><marc:subfield code="c">1847.</marc:subfield></marc:datafield><marc:datafield tag="300" ind1=" " ind2=" "><marc:subfield code="a">xii, 288 p. ;</marc:subfield><marc:subfield code="c">21 cm.</marc:subfield></marc:datafield><marc:datafield tag="500" ind1=" " ind2=" "><marc:subfield code="a">Translated into German von W.A. Meisel.</marc:subfield></marc:datafield><marc:datafield tag="600" ind1="0" ind2="0"><marc:subfield code="a">Gautama Buddha</marc:subfield><marc:subfield code="v">Legends</marc:subfield><marc:subfield code="v">Adaptations.</marc:subfield></marc:datafield><marc:datafield tag="650" ind1=" " ind2="0"><marc:subfield code="a">Princes</marc:subfield><marc:subfield code="z">India</marc:subfield><marc:subfield code="v">Romances.</marc:subfield></marc:datafield><marc:datafield tag="700" ind1="1" ind2=" "><marc:subfield code="a">Meisel, Wolf Alois,</marc:subfield><marc:subfield code="d">1815-1867.</marc:subfield></marc:datafield><marc:datafield tag="730" ind1="0" ind2=" "><marc:subfield code="a">Barlaam and Joasaph.</marc:subfield><marc:subfield code="l">German.</marc:subfield></marc:datafield><marc:datafield tag="752" ind1=" " ind2=" "><marc:subfield code="a">Poland</marc:subfield><marc:subfield code="d">Szczecin</marc:subfield></marc:datafield><marc:datafield tag="752" ind1=" " ind2=" "><marc:subfield code="a">Germany</marc:subfield><marc:subfield code="d">Stettin</marc:subfield></marc:datafield><marc:datafield tag="852" ind1="4" ind2="1"><marc:subfield code="a">British Library</marc:subfield><marc:subfield code="b">OC</marc:subfield><marc:subfield code="j">1981.c.1.</marc:subfield></marc:datafield><marc:datafield tag="852" ind1="4" ind2="1"><marc:subfield code="a">British Library</marc:subfield><marc:subfield code="b">OC</marc:subfield><marc:subfield code="j">1981.c.1</marc:subfield></marc:datafield><marc:datafield tag="880" ind1="1" ind2=" "><marc:subfield code="6">100-01/(2/r</marc:subfield><marc:subfield code="a">אבן חסדאי,אברהם בן שמואל,</marc:subfield><marc:subfield code="c">הלוי,</marc:subfield><marc:subfield code="d">המאה ה־13.</marc:subfield></marc:datafield><marc:datafield tag="880" ind1="1" ind2="0"><marc:subfield code="6">245-02/(2/r</marc:subfield><marc:subfield code="a">Prinz und Derwisch =</marc:subfield><marc:subfield code="b">בן המלך והנזיר : oder Die Makamen Ibn-Chisdais</marc:subfield></marc:datafield></marc:record>