
<marc:record><marc:leader>00710cam a22001573  4500</marc:leader>
<marc:controlfield tag="001">000008411</marc:controlfield>
<marc:controlfield tag="003">Uk</marc:controlfield><marc:controlfield tag="005">20110119132300.0</marc:controlfield><marc:controlfield tag="008">870813|1845|||||||    ||     ||| ||eng  </marc:controlfield><marc:datafield tag="040" ind1=" " ind2=" "><marc:subfield code="a">Uk</marc:subfield><marc:subfield code="c">Uk</marc:subfield></marc:datafield><marc:datafield tag="100" ind1="1" ind2=" "><marc:subfield code="a">ABRAHAM, Charles John,</marc:subfield><marc:subfield code="c">Bishop of Wellington, New Zealand.</marc:subfield></marc:datafield><marc:datafield tag="245" ind1="1" ind2="4"><marc:subfield code="a">The Unity of History; or, Outlines of lectures on ancient and modern history, considered on Church principles.</marc:subfield></marc:datafield><marc:datafield tag="260" ind1=" " ind2=" "><marc:subfield code="a">Eton :</marc:subfield><marc:subfield code="b">E. P. Williams,</marc:subfield><marc:subfield code="c">1845.</marc:subfield></marc:datafield><marc:datafield tag="300" ind1=" " ind2=" "><marc:subfield code="a">vii, 121, xxxii p. ;</marc:subfield><marc:subfield code="c">8º.</marc:subfield></marc:datafield><marc:datafield tag="775" ind1="0" ind2=" "><marc:subfield code="t">[The Unity of History; or, Outlines of lectures on ancient and modern history, considered on Church principles.]</marc:subfield><marc:subfield code="d">pp. xiv. 125. E. P. Williams: Eton, 1846. 8º.</marc:subfield><marc:subfield code="w">(Uk)MP1.0000009226.1</marc:subfield></marc:datafield><marc:datafield tag="852" ind1="4" ind2="1"><marc:subfield code="a">British Library</marc:subfield><marc:subfield code="b">HMNTS</marc:subfield><marc:subfield code="j">9007.d.13.</marc:subfield></marc:datafield></marc:record>