
<marc:record><marc:leader>00745cam a22001693  4500</marc:leader>
<marc:controlfield tag="001">000008412</marc:controlfield>
<marc:controlfield tag="003">Uk</marc:controlfield><marc:controlfield tag="005">20110119132300.0</marc:controlfield><marc:controlfield tag="008">870813|1846|||||||    ||     ||| |||||  </marc:controlfield><marc:datafield tag="040" ind1=" " ind2=" "><marc:subfield code="a">Uk</marc:subfield><marc:subfield code="c">Uk</marc:subfield></marc:datafield><marc:datafield tag="100" ind1="1" ind2=" "><marc:subfield code="a">ABRAHAM, Charles John,</marc:subfield><marc:subfield code="c">Bishop of Wellington, New Zealand.</marc:subfield></marc:datafield><marc:datafield tag="245" ind1="1" ind2="5"><marc:subfield code="a">[The Unity of History; or, Outlines of lectures on ancient and modern history, considered on Church principles.]</marc:subfield></marc:datafield><marc:datafield tag="250" ind1=" " ind2=" "><marc:subfield code="a">[Another edition.]</marc:subfield></marc:datafield><marc:datafield tag="260" ind1=" " ind2=" "><marc:subfield code="a">Eton :</marc:subfield><marc:subfield code="b">E. P. Williams,</marc:subfield><marc:subfield code="c">1846.</marc:subfield></marc:datafield><marc:datafield tag="300" ind1=" " ind2=" "><marc:subfield code="a">xiv, 125 p. ;</marc:subfield><marc:subfield code="c">8º.</marc:subfield></marc:datafield><marc:datafield tag="787" ind1="0" ind2=" "><marc:subfield code="t">The Unity of History; or, Outlines of lectures on ancient and modern history, considered on Church principles.</marc:subfield><marc:subfield code="d">pp. vii. 121. xxxii. E. P. Williams: Eton, 1845. 8º.</marc:subfield><marc:subfield code="w">(Uk)MP1.0000009226</marc:subfield></marc:datafield><marc:datafield tag="852" ind1="4" ind2="1"><marc:subfield code="a">British Library</marc:subfield><marc:subfield code="b">HMNTS</marc:subfield><marc:subfield code="j">9008.bbb.11.</marc:subfield></marc:datafield></marc:record>