
<marc:record><marc:leader>00635cam a22001453  4500</marc:leader>
<marc:controlfield tag="001">000008529</marc:controlfield>
<marc:controlfield tag="003">Uk</marc:controlfield><marc:controlfield tag="005">20110119132300.0</marc:controlfield><marc:controlfield tag="008">870813|1805|||||||    ||     ||| |||||  </marc:controlfield><marc:datafield tag="040" ind1=" " ind2=" "><marc:subfield code="a">Uk</marc:subfield><marc:subfield code="c">Uk</marc:subfield></marc:datafield><marc:datafield tag="100" ind1="1" ind2=" "><marc:subfield code="a">ABRAHAM, J. H.,</marc:subfield><marc:subfield code="c">of Milk Street Academy, Sheffield.</marc:subfield></marc:datafield><marc:datafield tag="245" ind1="1" ind2="0"><marc:subfield code="a">Juvenile Essays ... comprising ... compositions of the pupils belonging to the Milk Street Academy, Sheffield. To which is prefixed a brief history of education and a table of the system pursued in the above Academy, by J. H. Abraham.</marc:subfield></marc:datafield><marc:datafield tag="260" ind1=" " ind2=" "><marc:subfield code="a">Sheffield :</marc:subfield><marc:subfield code="b">Printed for the Proprietor,</marc:subfield><marc:subfield code="c">1805.</marc:subfield></marc:datafield><marc:datafield tag="300" ind1=" " ind2=" "><marc:subfield code="a">130 p. ;</marc:subfield><marc:subfield code="c">12º.</marc:subfield></marc:datafield><marc:datafield tag="852" ind1="4" ind2="1"><marc:subfield code="a">British Library</marc:subfield><marc:subfield code="b">HMNTS</marc:subfield><marc:subfield code="j">8308.aa.39.</marc:subfield></marc:datafield></marc:record>