
<marc:record><marc:leader>02466cam a22002293  4500</marc:leader>
<marc:controlfield tag="001">000008575</marc:controlfield>
<marc:controlfield tag="003">Uk</marc:controlfield><marc:controlfield tag="005">20130503191800.0</marc:controlfield><marc:controlfield tag="008">870813|1896||||enk    ||     ||| ||eng  </marc:controlfield><marc:datafield tag="040" ind1=" " ind2=" "><marc:subfield code="a">Uk</marc:subfield><marc:subfield code="c">Uk</marc:subfield></marc:datafield><marc:datafield tag="100" ind1="1" ind2=" "><marc:subfield code="a">ABRAHAM, afterwards TENNANT, May Edith.</marc:subfield></marc:datafield><marc:datafield tag="245" ind1="1" ind2="4"><marc:subfield code="a">The Law relating to Factories and Workshops, including Laundries and Docks. Part I. A Practical Guide to the Law and its administration. By May E. Abraham ... Part II. The Acts ... With explanatory notes by A. L. Davies ... With an appendix, etc.</marc:subfield></marc:datafield><marc:datafield tag="260" ind1=" " ind2=" "><marc:subfield code="a">London :</marc:subfield><marc:subfield code="b">Eyre &amp; Spottiswoode,</marc:subfield><marc:subfield code="c">1896.</marc:subfield></marc:datafield><marc:datafield tag="300" ind1=" " ind2=" "><marc:subfield code="a">xiv, 283 p. ;</marc:subfield><marc:subfield code="c">8º.</marc:subfield></marc:datafield><marc:datafield tag="700" ind1="1" ind2=" "><marc:subfield code="a">DAVIES, Arthur Llewelyn.</marc:subfield></marc:datafield><marc:datafield tag="775" ind1="0" ind2=" "><marc:subfield code="t">[The Law relating to Factories and Workshops, including Laundries and Docks. Part I. A Practical Guide to the Law and its administration. By May E. Abraham ... Part II. The Acts ... With explanatory notes by A. L. Davies ... With an appendix, etc.]</marc:subfield><marc:subfield code="d">pp. xvi. 295. Eyre &amp; Spottiswoode: London, 1897. 8º.</marc:subfield><marc:subfield code="w">(Uk)MP1.0000009364.1</marc:subfield></marc:datafield><marc:datafield tag="775" ind1="0" ind2=" "><marc:subfield code="t">[The Law relating to Factories and Workshops, including Laundries and Docks. Part I. A Practical Guide to the Law and its administration. By May E. Abraham ... Part II. The Acts ... With explanatory notes by A. L. Davies ... With an appendix, etc.]</marc:subfield><marc:subfield code="d">pp. xv. 336. Eyre &amp; Spottiswoode: London, 1901. 8º.</marc:subfield><marc:subfield code="w">(Uk)MP1.0000009364.2</marc:subfield></marc:datafield><marc:datafield tag="775" ind1="0" ind2=" "><marc:subfield code="t">[The Law relating to Factories and Workshops, including Laundries and Docks. Part I. A Practical Guide to the Law and its administration. By May E. Abraham ... Part II. The Acts ... With explanatory notes by A. L. Davies ... With an appendix, etc.]</marc:subfield><marc:subfield code="d">pp. xiv. 381. Eyre &amp; Spottiswoode: London, 1902. 8º.</marc:subfield><marc:subfield code="w">(Uk)MP1.0000009364.3</marc:subfield></marc:datafield><marc:datafield tag="775" ind1="0" ind2=" "><marc:subfield code="t">[The Law relating to Factories and Workshops, including Laundries and Docks. Part I. A Practical Guide to the Law and its administration. By May E. Abraham ... Part II. The Acts ... With explanatory notes by A. L. Davies ... With an appendix, etc.]</marc:subfield><marc:subfield code="d">pp. xiii. 414. Eyre &amp; Spottiswoode: London, 1905. 8º.</marc:subfield><marc:subfield code="w">(Uk)MP1.0000009364.4</marc:subfield></marc:datafield><marc:datafield tag="775" ind1="0" ind2=" "><marc:subfield code="t">[The Law relating to Factories and Workshops, including Laundries and Docks. Part I. A Practical Guide to the Law and its administration. By May E. Abraham ... Part II. The Acts ... With explanatory notes by A. L. Davies ... With an appendix, etc.]</marc:subfield><marc:subfield code="d">pp. xvi. 627. Eyre &amp; Spottiswoode: London, 1908. 8º.</marc:subfield><marc:subfield code="w">(Uk)MP1.0000009364.5</marc:subfield></marc:datafield><marc:datafield tag="852" ind1="4" ind2="1"><marc:subfield code="a">British Library</marc:subfield><marc:subfield code="b">HMNTS</marc:subfield><marc:subfield code="j">6425.aaaa.24.</marc:subfield></marc:datafield><marc:datafield tag="886" ind1="2" ind2=" "><marc:subfield code="2">blmarc</marc:subfield><marc:subfield code="a">709</marc:subfield><marc:subfield code="b">00</marc:subfield><marc:subfield code="a">DAVIES</marc:subfield><marc:subfield code="h">Arthur Llewelyn</marc:subfield><marc:subfield code="p">6425.aaaa.24.</marc:subfield><marc:subfield code="x">0774390271</marc:subfield></marc:datafield></marc:record>