
<marc:record><marc:leader>01003cam a22001693  4500</marc:leader>
<marc:controlfield tag="001">000008576</marc:controlfield>
<marc:controlfield tag="003">Uk</marc:controlfield><marc:controlfield tag="005">20130503191800.0</marc:controlfield><marc:controlfield tag="008">870813|1897||||enk    ||     ||| |||||  </marc:controlfield><marc:datafield tag="040" ind1=" " ind2=" "><marc:subfield code="a">Uk</marc:subfield><marc:subfield code="c">Uk</marc:subfield></marc:datafield><marc:datafield tag="100" ind1="1" ind2=" "><marc:subfield code="a">ABRAHAM, afterwards TENNANT, May Edith.</marc:subfield></marc:datafield><marc:datafield tag="245" ind1="1" ind2="5"><marc:subfield code="a">[The Law relating to Factories and Workshops, including Laundries and Docks. Part I. A Practical Guide to the Law and its administration. By May E. Abraham ... Part II. The Acts ... With explanatory notes by A. L. Davies ... With an appendix, etc.]</marc:subfield></marc:datafield><marc:datafield tag="250" ind1=" " ind2=" "><marc:subfield code="a">Second edition.</marc:subfield></marc:datafield><marc:datafield tag="260" ind1=" " ind2=" "><marc:subfield code="a">London :</marc:subfield><marc:subfield code="b">Eyre &amp; Spottiswoode,</marc:subfield><marc:subfield code="c">1897.</marc:subfield></marc:datafield><marc:datafield tag="300" ind1=" " ind2=" "><marc:subfield code="a">xvi, 295 p. ;</marc:subfield><marc:subfield code="c">8º.</marc:subfield></marc:datafield><marc:datafield tag="787" ind1="0" ind2=" "><marc:subfield code="t">The Law relating to Factories and Workshops, including Laundries and Docks. Part I. A Practical Guide to the Law and its administration. By May E. Abraham ... Part II. The Acts ... With explanatory notes by A. L. Davies ... With an appendix, etc.</marc:subfield><marc:subfield code="d">pp. xiv. 283. Eyre &amp; Spottiswoode: London, 1896. 8º.</marc:subfield><marc:subfield code="w">(Uk)MP1.0000009364</marc:subfield></marc:datafield><marc:datafield tag="852" ind1="4" ind2="1"><marc:subfield code="a">British Library</marc:subfield><marc:subfield code="b">HMNTS</marc:subfield><marc:subfield code="j">6425.aaaa.32.</marc:subfield></marc:datafield></marc:record>