
<marc:record><marc:leader>00568cam a22001693  4500</marc:leader>
<marc:controlfield tag="001">000008682</marc:controlfield>
<marc:controlfield tag="003">Uk</marc:controlfield><marc:controlfield tag="005">20130723172100.0</marc:controlfield><marc:controlfield tag="008">870813|1868|||||||    ||     ||| ||eng  </marc:controlfield><marc:datafield tag="040" ind1=" " ind2=" "><marc:subfield code="a">Uk</marc:subfield><marc:subfield code="c">Uk</marc:subfield></marc:datafield><marc:datafield tag="100" ind1="1" ind2=" "><marc:subfield code="a">Abrahams, G.</marc:subfield><marc:subfield code="q">(George)</marc:subfield></marc:datafield><marc:datafield tag="245" ind1="1" ind2="4"><marc:subfield code="a">The Funeral Services. Sermons ... for the late Rev. G. Abrahams, etc.</marc:subfield></marc:datafield><marc:datafield tag="260" ind1=" " ind2=" "><marc:subfield code="a">London :</marc:subfield><marc:subfield code="b">Houlston &amp; Wright ;</marc:subfield><marc:subfield code="a">Brighton :</marc:subfield><marc:subfield code="b">C. E. Verrall,</marc:subfield><marc:subfield code="c">[1868]</marc:subfield></marc:datafield><marc:datafield tag="260" ind1=" " ind2=" "><marc:subfield code="a">London :</marc:subfield><marc:subfield code="b">Houlston &amp; Wright ;</marc:subfield><marc:subfield code="a">Brighton :</marc:subfield><marc:subfield code="b">C. E. Verrall,</marc:subfield><marc:subfield code="c">[1868]</marc:subfield></marc:datafield><marc:datafield tag="300" ind1=" " ind2=" "><marc:subfield code="a">80 p. ;</marc:subfield><marc:subfield code="c">8º.</marc:subfield></marc:datafield><marc:datafield tag="300" ind1=" " ind2=" "><marc:subfield code="a">80 p. ;</marc:subfield><marc:subfield code="c">8º.</marc:subfield></marc:datafield><marc:datafield tag="852" ind1="4" ind2="1"><marc:subfield code="a">British Library</marc:subfield><marc:subfield code="b">HMNTS</marc:subfield><marc:subfield code="j">4906.aa.4.</marc:subfield></marc:datafield></marc:record>