
<marc:record><marc:leader>00705cam a22001693  4500</marc:leader>
<marc:controlfield tag="001">000008769</marc:controlfield>
<marc:controlfield tag="003">Uk</marc:controlfield><marc:controlfield tag="005">20111222151700.0</marc:controlfield><marc:controlfield tag="008">870813|1828|||||||    ||     ||| |||||  </marc:controlfield><marc:datafield tag="040" ind1=" " ind2=" "><marc:subfield code="a">Uk</marc:subfield><marc:subfield code="c">Uk</marc:subfield></marc:datafield><marc:datafield tag="100" ind1="1" ind2=" "><marc:subfield code="a">ABRAHAMS, Nicolai Christian Levin.</marc:subfield></marc:datafield><marc:datafield tag="245" ind1="1" ind2="0"><marc:subfield code="a">De Roberti Wacii carmine, quod inscribitur Brutus. Dissertatio ... Resp. E. F. C. Bojesen. (De rebus ab Hengisto et Horsa gestis carmen, ex R. Wacii Bruto excerptum, atque specimenis loco cum interpretatione Danica editum, annotationibusque illustratum.).</marc:subfield></marc:datafield><marc:datafield tag="260" ind1=" " ind2=" "><marc:subfield code="a">Hafniae,</marc:subfield><marc:subfield code="c">[1828]</marc:subfield></marc:datafield><marc:datafield tag="300" ind1=" " ind2=" "><marc:subfield code="a">126 p. ;</marc:subfield><marc:subfield code="c">8º.</marc:subfield></marc:datafield><marc:datafield tag="720" ind1=" " ind2=" "><marc:subfield code="a">WACE, Maistre</marc:subfield></marc:datafield><marc:datafield tag="852" ind1="4" ind2="1"><marc:subfield code="a">British Library</marc:subfield><marc:subfield code="b">HMNTS</marc:subfield><marc:subfield code="j">839.h.38.</marc:subfield></marc:datafield><marc:datafield tag="886" ind1="2" ind2=" "><marc:subfield code="2">blmarc</marc:subfield><marc:subfield code="a">709</marc:subfield><marc:subfield code="b">00</marc:subfield><marc:subfield code="a">WACE, Maistre</marc:subfield><marc:subfield code="p">839.h.38.</marc:subfield><marc:subfield code="x">3425170236</marc:subfield></marc:datafield></marc:record>