
<marc:record><marc:leader>00740cam a22001573  4500</marc:leader>
<marc:controlfield tag="001">000008770</marc:controlfield>
<marc:controlfield tag="003">Uk</marc:controlfield><marc:controlfield tag="005">20120120152500.0</marc:controlfield><marc:controlfield tag="008">870813|1844|||||||    ||     ||| |||||  </marc:controlfield><marc:datafield tag="040" ind1=" " ind2=" "><marc:subfield code="a">Uk</marc:subfield><marc:subfield code="c">Uk</marc:subfield></marc:datafield><marc:datafield tag="100" ind1="1" ind2=" "><marc:subfield code="a">ABRAHAMS, Nicolai Christian Levin.</marc:subfield></marc:datafield><marc:datafield tag="245" ind1="1" ind2="0"><marc:subfield code="a">Description des manuscrits français du moyen âge de la Bibliothèque Royale de Copenhague; précédée d'une notice historique sur cette bibliothèque.</marc:subfield></marc:datafield><marc:datafield tag="260" ind1=" " ind2=" "><marc:subfield code="a">Copenhague,</marc:subfield><marc:subfield code="c">1844.</marc:subfield></marc:datafield><marc:datafield tag="300" ind1=" " ind2=" "><marc:subfield code="a">xvi, 152 p. ;</marc:subfield><marc:subfield code="c">4º.</marc:subfield></marc:datafield><marc:datafield tag="775" ind1="0" ind2=" "><marc:subfield code="t">[Description des manuscrits français du moyen âge de la Bibliothèque Royale de Copenhague; précédée d'une notice historique sur cette bibliothèque.]</marc:subfield><marc:subfield code="d">pp. xvi. 1844. 4º.</marc:subfield><marc:subfield code="w">(Uk)MP1.0000009561.1</marc:subfield></marc:datafield><marc:datafield tag="852" ind1="4" ind2="1"><marc:subfield code="a">British Library</marc:subfield><marc:subfield code="b">HMNTS</marc:subfield><marc:subfield code="j">823.cc.23.</marc:subfield></marc:datafield></marc:record>