
<marc:record><marc:leader>00805cam a22001693  4500</marc:leader>
<marc:controlfield tag="001">000008771</marc:controlfield>
<marc:controlfield tag="003">Uk</marc:controlfield><marc:controlfield tag="005">20110119132300.0</marc:controlfield><marc:controlfield tag="008">870813|1844|||||||    ||     ||| |||||  </marc:controlfield><marc:datafield tag="040" ind1=" " ind2=" "><marc:subfield code="a">Uk</marc:subfield><marc:subfield code="c">Uk</marc:subfield></marc:datafield><marc:datafield tag="100" ind1="1" ind2=" "><marc:subfield code="a">ABRAHAMS, Nicolai Christian Levin.</marc:subfield></marc:datafield><marc:datafield tag="245" ind1="1" ind2="0"><marc:subfield code="a">[Description des manuscrits français du moyen âge de la Bibliothèque Royale de Copenhague; précédée d'une notice historique sur cette bibliothèque.]</marc:subfield></marc:datafield><marc:datafield tag="250" ind1=" " ind2=" "><marc:subfield code="a">[Another edition of the “Notice historique.”]</marc:subfield></marc:datafield><marc:datafield tag="260" ind1=" " ind2=" "><marc:subfield code="a">pp. xvi. 1844.</marc:subfield></marc:datafield><marc:datafield tag="300" ind1=" " ind2=" "><marc:subfield code="a">4º.</marc:subfield></marc:datafield><marc:datafield tag="787" ind1="0" ind2=" "><marc:subfield code="t">Description des manuscrits français du moyen âge de la Bibliothèque Royale de Copenhague; précédée d'une notice historique sur cette bibliothèque.</marc:subfield><marc:subfield code="d">pp. xvi. 152. Copenhague, 1844. 4º.</marc:subfield><marc:subfield code="w">(Uk)MP1.0000009561</marc:subfield></marc:datafield><marc:datafield tag="852" ind1="4" ind2="1"><marc:subfield code="a">British Library</marc:subfield><marc:subfield code="b">HMNTS</marc:subfield><marc:subfield code="j">822.h.11.(2.)</marc:subfield></marc:datafield></marc:record>