
<marc:record><marc:leader>01001cam a22002413  4500</marc:leader>
<marc:controlfield tag="001">000008852</marc:controlfield>
<marc:controlfield tag="003">Uk</marc:controlfield><marc:controlfield tag="005">20121009194900.0</marc:controlfield><marc:controlfield tag="008">870813|1812|||||||    ||     ||| |||||  </marc:controlfield><marc:datafield tag="040" ind1=" " ind2=" "><marc:subfield code="a">Uk</marc:subfield><marc:subfield code="c">Uk</marc:subfield></marc:datafield><marc:datafield tag="100" ind1="1" ind2=" "><marc:subfield code="a">ABRAHAMSON, Werner Hans Frederik.</marc:subfield></marc:datafield><marc:datafield tag="245" ind1="1" ind2="0"><marc:subfield code="a">Udvalgte danske Viser fra Middelalderen; efter A. S. Vedels og P. Syvs trykte Udgaver, og efter haandskrevne Samlinger, udgivne paa ny af Abrahamson, Nyerup, og Rahbek. (Dl. 3-5. Udgivne af Nyerup og Rahbek.).</marc:subfield></marc:datafield><marc:datafield tag="260" ind1=" " ind2=" "><marc:subfield code="a">Kjøbenhavn,</marc:subfield><marc:subfield code="c">1812-14.</marc:subfield></marc:datafield><marc:datafield tag="300" ind1=" " ind2=" "><marc:subfield code="a">5 dl. ;</marc:subfield><marc:subfield code="c">8º.</marc:subfield></marc:datafield><marc:datafield tag="700" ind1="1" ind2=" "><marc:subfield code="a">NYERUP, Rasmus.</marc:subfield></marc:datafield><marc:datafield tag="700" ind1="1" ind2=" "><marc:subfield code="a">RAHBEK, Knud Lyne.</marc:subfield></marc:datafield><marc:datafield tag="700" ind1="1" ind2=" "><marc:subfield code="a">SYV, Peder.</marc:subfield></marc:datafield><marc:datafield tag="700" ind1="1" ind2=" "><marc:subfield code="a">VEDEL, Anders Sørensen.</marc:subfield></marc:datafield><marc:datafield tag="852" ind1="4" ind2="1"><marc:subfield code="a">British Library</marc:subfield><marc:subfield code="b">HMNTS</marc:subfield><marc:subfield code="j">11565.bb.7.</marc:subfield></marc:datafield><marc:datafield tag="886" ind1="2" ind2=" "><marc:subfield code="2">blmarc</marc:subfield><marc:subfield code="a">709</marc:subfield><marc:subfield code="b">00</marc:subfield><marc:subfield code="a">NYERUP</marc:subfield><marc:subfield code="h">Rasmus</marc:subfield><marc:subfield code="p">11565.bb.7.</marc:subfield><marc:subfield code="x">2393540199</marc:subfield></marc:datafield><marc:datafield tag="886" ind1="2" ind2=" "><marc:subfield code="2">blmarc</marc:subfield><marc:subfield code="a">709</marc:subfield><marc:subfield code="b">00</marc:subfield><marc:subfield code="a">RAHBEK</marc:subfield><marc:subfield code="h">Knud Lyne</marc:subfield><marc:subfield code="p">11565.bb.7.</marc:subfield><marc:subfield code="x">2693250307</marc:subfield></marc:datafield><marc:datafield tag="886" ind1="2" ind2=" "><marc:subfield code="2">blmarc</marc:subfield><marc:subfield code="a">709</marc:subfield><marc:subfield code="b">00</marc:subfield><marc:subfield code="a">SYV</marc:subfield><marc:subfield code="h">Peder</marc:subfield><marc:subfield code="p">11565.bb.7.</marc:subfield><marc:subfield code="x">3192910178</marc:subfield></marc:datafield><marc:datafield tag="886" ind1="2" ind2=" "><marc:subfield code="2">blmarc</marc:subfield><marc:subfield code="a">709</marc:subfield><marc:subfield code="b">00</marc:subfield><marc:subfield code="a">VEDEL</marc:subfield><marc:subfield code="h">Anders Sørensen</marc:subfield><marc:subfield code="p">11565.bb.7.</marc:subfield><marc:subfield code="x">3374030092</marc:subfield></marc:datafield></marc:record>