
<marc:record><marc:leader>00505cam a22001453  4500</marc:leader>
<marc:controlfield tag="001">000008883</marc:controlfield>
<marc:controlfield tag="003">Uk</marc:controlfield><marc:controlfield tag="005">20130723172100.0</marc:controlfield><marc:controlfield tag="008">870813|1842|||||||    ||     ||| |||||  </marc:controlfield><marc:datafield tag="040" ind1=" " ind2=" "><marc:subfield code="a">Uk</marc:subfield><marc:subfield code="c">Uk</marc:subfield></marc:datafield><marc:datafield tag="100" ind1="1" ind2=" "><marc:subfield code="a">ABRAM, John.</marc:subfield></marc:datafield><marc:datafield tag="245" ind1="1" ind2="2"><marc:subfield code="a">A Complete Treatise on Practical Arithmetic, containing ... new principles of mental, visual and expeditious calculation, etc.</marc:subfield></marc:datafield><marc:datafield tag="260" ind1=" " ind2=" "><marc:subfield code="a">Canterbury :</marc:subfield><marc:subfield code="b">S. Prentice ;</marc:subfield><marc:subfield code="a">London :</marc:subfield><marc:subfield code="b">Darton &amp; Clark,</marc:subfield><marc:subfield code="c">1842.</marc:subfield></marc:datafield><marc:datafield tag="300" ind1=" " ind2=" "><marc:subfield code="a">xi, 240 p. ;</marc:subfield><marc:subfield code="c">12º.</marc:subfield></marc:datafield><marc:datafield tag="852" ind1="4" ind2="1"><marc:subfield code="a">British Library</marc:subfield><marc:subfield code="b">HMNTS</marc:subfield><marc:subfield code="j">1394.c.13.</marc:subfield></marc:datafield></marc:record>