
<marc:record><marc:leader>00831cam a22001933  4500</marc:leader>
<marc:controlfield tag="001">000008984</marc:controlfield>
<marc:controlfield tag="003">Uk</marc:controlfield><marc:controlfield tag="005">20110311165800.0</marc:controlfield><marc:controlfield tag="008">870813|1900|||||||    ||     ||| ||eng  </marc:controlfield><marc:datafield tag="040" ind1=" " ind2=" "><marc:subfield code="a">Uk</marc:subfield><marc:subfield code="c">Uk</marc:subfield></marc:datafield><marc:datafield tag="100" ind1="1" ind2=" "><marc:subfield code="a">ABRAMOV, Yakov Vasil'evich.</marc:subfield></marc:datafield><marc:datafield tag="245" ind1="1" ind2="4"><marc:subfield code="a">The Book for Adults (written by the teachers at the Kharkow Sunday school, under the direction of Mme. Christine Altchevsky), and the surroundings which inspired it ... Translated from the French by Mme. Auguste Serraillier.</marc:subfield></marc:datafield><marc:datafield tag="260" ind1=" " ind2=" "><marc:subfield code="a">Paris,</marc:subfield><marc:subfield code="c">1900.</marc:subfield></marc:datafield><marc:datafield tag="300" ind1=" " ind2=" "><marc:subfield code="a">70 p. ;</marc:subfield><marc:subfield code="c">8º.</marc:subfield></marc:datafield><marc:datafield tag="700" ind1="1" ind2=" "><marc:subfield code="a">ALCHEVSKA, Khristya Danilovna.</marc:subfield></marc:datafield><marc:datafield tag="700" ind1="1" ind2=" "><marc:subfield code="a">SERRAILLIER, Auguste,</marc:subfield><marc:subfield code="c">Madame.</marc:subfield></marc:datafield><marc:datafield tag="852" ind1="4" ind2="1"><marc:subfield code="a">British Library</marc:subfield><marc:subfield code="b">HMNTS</marc:subfield><marc:subfield code="j">4193.h.62.</marc:subfield></marc:datafield><marc:datafield tag="886" ind1="2" ind2=" "><marc:subfield code="2">blmarc</marc:subfield><marc:subfield code="a">709</marc:subfield><marc:subfield code="b">00</marc:subfield><marc:subfield code="a">ALCHEVSKA</marc:subfield><marc:subfield code="h">Khristya Danilovna</marc:subfield><marc:subfield code="p">4193.h.62.</marc:subfield><marc:subfield code="x">0044090099</marc:subfield></marc:datafield><marc:datafield tag="886" ind1="2" ind2=" "><marc:subfield code="2">blmarc</marc:subfield><marc:subfield code="a">709</marc:subfield><marc:subfield code="b">00</marc:subfield><marc:subfield code="a">SERRAILLIER</marc:subfield><marc:subfield code="e">Madame</marc:subfield><marc:subfield code="h">Auguste</marc:subfield><marc:subfield code="p">4193.h.62.</marc:subfield><marc:subfield code="x">2983510077</marc:subfield></marc:datafield></marc:record>