
<marc:record><marc:leader>01248cam a2200277 a 4500</marc:leader>
<marc:controlfield tag="001">000009020</marc:controlfield>
<marc:controlfield tag="003">Uk</marc:controlfield><marc:controlfield tag="005">20070226151207.0</marc:controlfield><marc:controlfield tag="008">990617s1888    un a          000 1 yid d</marc:controlfield><marc:datafield tag="040" ind1=" " ind2=" "><marc:subfield code="a">Uk</marc:subfield><marc:subfield code="c">Uk</marc:subfield><marc:subfield code="d">Uk</marc:subfield></marc:datafield><marc:datafield tag="050" ind1="0" ind2="0"><marc:subfield code="a">PJ5129.A2</marc:subfield><marc:subfield code="b">F45 1888</marc:subfield></marc:datafield><marc:datafield tag="066" ind1=" " ind2=" "><marc:subfield code="c">(2</marc:subfield></marc:datafield><marc:datafield tag="100" ind1="0" ind2=" "><marc:subfield code="6">880-01</marc:subfield><marc:subfield code="a">Mendele Mokher Sefarim,</marc:subfield><marc:subfield code="d">1835-1917</marc:subfield></marc:datafield><marc:datafield tag="240" ind1="1" ind2="0"><marc:subfield code="6">880-02</marc:subfield><marc:subfield code="a">Fishḳe der ḳrumer</marc:subfield></marc:datafield><marc:datafield tag="245" ind1="1" ind2="0"><marc:subfield code="a">Fishka Khromŏi :</marc:subfield><marc:subfield code="b">razskaz iz byta evreĭskikh nishchikh.</marc:subfield></marc:datafield><marc:datafield tag="260" ind1=" " ind2=" "><marc:subfield code="a">Odessa :</marc:subfield><marc:subfield code="b">Izd. A. Varshavera,</marc:subfield><marc:subfield code="c">1888.</marc:subfield></marc:datafield><marc:datafield tag="300" ind1=" " ind2=" "><marc:subfield code="a">158 p. :</marc:subfield><marc:subfield code="b">ill. ;</marc:subfield><marc:subfield code="c">24 cm.</marc:subfield></marc:datafield><marc:datafield tag="490" ind1="1" ind2=" "><marc:subfield code="6">880-04</marc:subfield><marc:subfield code="a">[Ale ks̀ovim fun Mendele Mokher Sefarim] ;</marc:subfield><marc:subfield code="v">1</marc:subfield></marc:datafield><marc:datafield tag="546" ind1=" " ind2=" "><marc:subfield code="a">T.p. in Russian; text in Yiddish.</marc:subfield></marc:datafield><marc:datafield tag="650" ind1=" " ind2="0"><marc:subfield code="a">Yiddish fiction.</marc:subfield></marc:datafield><marc:datafield tag="830" ind1=" " ind2="0"><marc:subfield code="6">880-04</marc:subfield><marc:subfield code="a">[Ale ks̀ovim fun Mendele Mokher Sefarim] ;</marc:subfield><marc:subfield code="v">1</marc:subfield></marc:datafield><marc:datafield tag="852" ind1="4" ind2="1"><marc:subfield code="a">British Library</marc:subfield><marc:subfield code="b">HMNTS</marc:subfield><marc:subfield code="j">012251.bbb.6.</marc:subfield></marc:datafield><marc:datafield tag="852" ind1="4" ind2="1"><marc:subfield code="a">British Library</marc:subfield><marc:subfield code="b">HMNTS</marc:subfield><marc:subfield code="j">012251.bbb.5.</marc:subfield><marc:subfield code="3">[Another copy of кн. 1.] Полное собраніе сочиненій С. М. Абрамовича. кн. 1. Фишка хромой, etc. pp. 158. Одесса, 1888. 8º.</marc:subfield></marc:datafield><marc:datafield tag="880" ind1="0" ind2=" "><marc:subfield code="6">100-01/(2/r</marc:subfield><marc:subfield code="a">מענדעלע מוכר ספרים,</marc:subfield><marc:subfield code="d">1835-1917.</marc:subfield></marc:datafield><marc:datafield tag="880" ind1="1" ind2="0"><marc:subfield code="6">240-02/(2/r</marc:subfield><marc:subfield code="a">פישקע דער קרומער</marc:subfield></marc:datafield><marc:datafield tag="880" ind1=" " ind2="0"><marc:subfield code="6">440-04/(2/r</marc:subfield><marc:subfield code="a">[עלע כתבים פון מענדעלי מוכר ספרים] ;</marc:subfield><marc:subfield code="v">1</marc:subfield></marc:datafield></marc:record>