
<marc:record><marc:leader>00915cam a22001933  4500</marc:leader>
<marc:controlfield tag="001">000009021</marc:controlfield>
<marc:controlfield tag="003">Uk</marc:controlfield><marc:controlfield tag="005">20110119132300.0</marc:controlfield><marc:controlfield tag="008">870813|1868|||||||    ||     ||| |||||  </marc:controlfield><marc:datafield tag="040" ind1=" " ind2=" "><marc:subfield code="a">Uk</marc:subfield><marc:subfield code="c">Uk</marc:subfield></marc:datafield><marc:datafield tag="100" ind1="1" ind2=" "><marc:subfield code="a">ABRAMOVICH, Shālōm Yakov.</marc:subfield></marc:datafield><marc:datafield tag="245" ind1="1" ind2="0"><marc:subfield code="a">Отцы и Дѣти; изъ Еврейскаго быта. Романъ изъ ненапечатанной еще рукописи на Древнееврейскомъ языкѣ ... Передѣлалъ на Русскій языкъ Л. Бинштокъ. [With a preface by N. P. Pestrechenko].</marc:subfield></marc:datafield><marc:datafield tag="260" ind1=" " ind2=" "><marc:subfield code="a">pp. viii. 352. С.-Петербургъ, 1868.</marc:subfield></marc:datafield><marc:datafield tag="300" ind1=" " ind2=" "><marc:subfield code="a">8º.</marc:subfield></marc:datafield><marc:datafield tag="700" ind1="1" ind2=" "><marc:subfield code="a">BINSHTOK, Lev Moiseevich.</marc:subfield></marc:datafield><marc:datafield tag="700" ind1="1" ind2=" "><marc:subfield code="a">PESTRECHENKO, Nikolai P.</marc:subfield></marc:datafield><marc:datafield tag="852" ind1="4" ind2="1"><marc:subfield code="a">British Library</marc:subfield><marc:subfield code="b">HMNTS</marc:subfield><marc:subfield code="j">12591.cc.4.</marc:subfield></marc:datafield><marc:datafield tag="886" ind1="2" ind2=" "><marc:subfield code="2">blmarc</marc:subfield><marc:subfield code="a">709</marc:subfield><marc:subfield code="b">00</marc:subfield><marc:subfield code="a">BINSHTOK</marc:subfield><marc:subfield code="h">Lev Moiseevich</marc:subfield><marc:subfield code="p">12591.cc.4.</marc:subfield><marc:subfield code="x">0324470045</marc:subfield></marc:datafield><marc:datafield tag="886" ind1="2" ind2=" "><marc:subfield code="2">blmarc</marc:subfield><marc:subfield code="a">709</marc:subfield><marc:subfield code="b">00</marc:subfield><marc:subfield code="a">PESTRECHENKO</marc:subfield><marc:subfield code="h">Nikolai P.</marc:subfield><marc:subfield code="p">12591.cc.4.</marc:subfield><marc:subfield code="x">255444028X</marc:subfield></marc:datafield></marc:record>