
<marc:record><marc:leader>00668cam a22001693  4500</marc:leader>
<marc:controlfield tag="001">000009246</marc:controlfield>
<marc:controlfield tag="003">Uk</marc:controlfield><marc:controlfield tag="005">20130718180500.0</marc:controlfield><marc:controlfield tag="008">960816|1865||||fr     ||    |||| |||||  </marc:controlfield><marc:datafield tag="040" ind1=" " ind2=" "><marc:subfield code="a">Uk</marc:subfield><marc:subfield code="c">Uk</marc:subfield></marc:datafield><marc:datafield tag="245" ind1="1" ind2="0"><marc:subfield code="a">Abrégé de l'histoire de l'Église depuis sa fondation jusqu'au règne de Pie IX. Par une religieuse ursuline du Sacré-Cœur.</marc:subfield></marc:datafield><marc:datafield tag="260" ind1=" " ind2=" "><marc:subfield code="a">Paris :</marc:subfield><marc:subfield code="b">Jacques Lecoffre ;</marc:subfield><marc:subfield code="a">Lyon :</marc:subfield><marc:subfield code="b">Ancienne Maison Périsse Frères,</marc:subfield><marc:subfield code="c">1865.</marc:subfield></marc:datafield><marc:datafield tag="300" ind1=" " ind2=" "><marc:subfield code="a">xi, 962 p. ;</marc:subfield><marc:subfield code="c">19 cm.</marc:subfield></marc:datafield><marc:datafield tag="710" ind1="2" ind2=" "><marc:subfield code="a">Catholic Church</marc:subfield><marc:subfield code="t">Appendix.</marc:subfield></marc:datafield><marc:datafield tag="720" ind1=" " ind2=" "><marc:subfield code="a">ABRÉGÉ</marc:subfield><marc:subfield code="e">main entry</marc:subfield></marc:datafield><marc:datafield tag="852" ind1="4" ind2="1"><marc:subfield code="a">British Library</marc:subfield><marc:subfield code="b">HMNTS</marc:subfield><marc:subfield code="j">4530.aa.26.</marc:subfield></marc:datafield><marc:datafield tag="886" ind1="2" ind2=" "><marc:subfield code="2">blmarc</marc:subfield><marc:subfield code="a">709</marc:subfield><marc:subfield code="b">00</marc:subfield><marc:subfield code="a">ROME, Church of</marc:subfield><marc:subfield code="t">Appendix</marc:subfield><marc:subfield code="p">4530.aa.26.</marc:subfield><marc:subfield code="x">2803920034</marc:subfield></marc:datafield></marc:record>