
<marc:record><marc:leader>00747cam a22001693  4500</marc:leader>
<marc:controlfield tag="001">000009288</marc:controlfield>
<marc:controlfield tag="003">Uk</marc:controlfield><marc:controlfield tag="005">20110119132300.0</marc:controlfield><marc:controlfield tag="008">870813|1895|||||||    ||     ||| |||||  </marc:controlfield><marc:datafield tag="040" ind1=" " ind2=" "><marc:subfield code="a">Uk</marc:subfield><marc:subfield code="c">Uk</marc:subfield></marc:datafield><marc:datafield tag="100" ind1="1" ind2=" "><marc:subfield code="a">ABREU, Bras Luis de.</marc:subfield></marc:datafield><marc:datafield tag="245" ind1="1" ind2="0"><marc:subfield code="a">[Sol nascido no occidente, e posto ao nascer do sol. S. Antonio portugues.] Vida de Santo Antonio ... ou Sol nascido no occidente e posto ao nascer do sol. Historia da sua ... vida e ... milagres, etc.</marc:subfield></marc:datafield><marc:datafield tag="260" ind1=" " ind2=" "><marc:subfield code="a">Lisboa :</marc:subfield><marc:subfield code="b">Livraria Popular de Franciso Franco,</marc:subfield><marc:subfield code="c">[1895]</marc:subfield></marc:datafield><marc:datafield tag="300" ind1=" " ind2=" "><marc:subfield code="a">337 p. ;</marc:subfield><marc:subfield code="c">20 cm.</marc:subfield></marc:datafield><marc:datafield tag="720" ind1=" " ind2=" "><marc:subfield code="a">ANTONY, of Padua, Saint [Fernando Bulhon]</marc:subfield></marc:datafield><marc:datafield tag="852" ind1="4" ind2="1"><marc:subfield code="a">British Library</marc:subfield><marc:subfield code="b">HMNTS</marc:subfield><marc:subfield code="j">4829.d.28.</marc:subfield></marc:datafield><marc:datafield tag="886" ind1="2" ind2=" "><marc:subfield code="2">blmarc</marc:subfield><marc:subfield code="a">709</marc:subfield><marc:subfield code="b">00</marc:subfield><marc:subfield code="a">ANTONY, of Padua, Saint [Fernando Bulhon]</marc:subfield><marc:subfield code="p">4829.d.28.</marc:subfield><marc:subfield code="x">0093500092</marc:subfield><marc:subfield code="x">0093500106</marc:subfield></marc:datafield></marc:record>