
<marc:record><marc:leader>00844cam a22001933  4500</marc:leader>
<marc:controlfield tag="001">000009334</marc:controlfield>
<marc:controlfield tag="003">Uk</marc:controlfield><marc:controlfield tag="005">20110119132300.0</marc:controlfield><marc:controlfield tag="008">870813|1874|||||||    ||     ||| |||||  </marc:controlfield><marc:datafield tag="040" ind1=" " ind2=" "><marc:subfield code="a">Uk</marc:subfield><marc:subfield code="c">Uk</marc:subfield></marc:datafield><marc:datafield tag="100" ind1="1" ind2=" "><marc:subfield code="a">ABREU E LIMA, Luiz António de,</marc:subfield><marc:subfield code="c">Count da Carreira.</marc:subfield></marc:datafield><marc:datafield tag="245" ind1="1" ind2="0"><marc:subfield code="a">Correspondence official de L. A. de Abreu e Lima Conde da Carreira como Duque de Palmella. Regencia da Terceira e Governo do Porto de 1828 a 1835. [Edited by the Countess da Carreira.]</marc:subfield></marc:datafield><marc:datafield tag="260" ind1=" " ind2=" "><marc:subfield code="a">Lisboa,</marc:subfield><marc:subfield code="c">1874.</marc:subfield></marc:datafield><marc:datafield tag="300" ind1=" " ind2=" "><marc:subfield code="c">8º.</marc:subfield></marc:datafield><marc:datafield tag="700" ind1="0" ind2=" "><marc:subfield code="a">ABREU E LIMA,</marc:subfield><marc:subfield code="c">Countess da Carreira.</marc:subfield></marc:datafield><marc:datafield tag="700" ind1="1" ind2=" "><marc:subfield code="a">SOUSA-HOLSTEIN, Pedro de,</marc:subfield><marc:subfield code="c">Duke de Palmella.</marc:subfield></marc:datafield><marc:datafield tag="852" ind1="4" ind2="1"><marc:subfield code="a">British Library</marc:subfield><marc:subfield code="b">HMNTS</marc:subfield><marc:subfield code="j">9195.c.1.</marc:subfield></marc:datafield><marc:datafield tag="886" ind1="2" ind2=" "><marc:subfield code="2">blmarc</marc:subfield><marc:subfield code="a">709</marc:subfield><marc:subfield code="b">00</marc:subfield><marc:subfield code="a">ABREU E LIMA</marc:subfield><marc:subfield code="f">Countess da Carreira</marc:subfield><marc:subfield code="p">9195.c.1.</marc:subfield><marc:subfield code="x">0014160102</marc:subfield></marc:datafield><marc:datafield tag="886" ind1="2" ind2=" "><marc:subfield code="2">blmarc</marc:subfield><marc:subfield code="a">709</marc:subfield><marc:subfield code="b">00</marc:subfield><marc:subfield code="a">SOUSA-HOLSTEIN</marc:subfield><marc:subfield code="h">Pedro de</marc:subfield><marc:subfield code="f">Duke de Palmella</marc:subfield><marc:subfield code="p">9195.c.1.</marc:subfield><marc:subfield code="x">3082470211</marc:subfield></marc:datafield></marc:record>