
<marc:record><marc:leader>00592cam a22001453  4500</marc:leader>
<marc:controlfield tag="001">000009374</marc:controlfield>
<marc:controlfield tag="003">Uk</marc:controlfield><marc:controlfield tag="005">20110311165800.0</marc:controlfield><marc:controlfield tag="008">870813|1838|||||||    ||     ||| |||||  </marc:controlfield><marc:datafield tag="040" ind1=" " ind2=" "><marc:subfield code="a">Uk</marc:subfield><marc:subfield code="c">Uk</marc:subfield></marc:datafield><marc:datafield tag="100" ind1="1" ind2=" "><marc:subfield code="a">ABRIAL, J. P. Arsène.</marc:subfield></marc:datafield><marc:datafield tag="245" ind1="1" ind2="0"><marc:subfield code="a">1º. Des moyens propres à reconnaître la présence de l'acide sulfurique dans les matières des vomissements. 2º. Quels sont les nerfs qui envoient des filets aux muscles lombricaux de la main? 3º. De l'encéphalocèle ... Thèse, etc.</marc:subfield></marc:datafield><marc:datafield tag="260" ind1=" " ind2=" "><marc:subfield code="a">Montpellier,</marc:subfield><marc:subfield code="c">1838.</marc:subfield></marc:datafield><marc:datafield tag="300" ind1=" " ind2=" "><marc:subfield code="a">44 p. ;</marc:subfield><marc:subfield code="c">4º.</marc:subfield></marc:datafield><marc:datafield tag="852" ind1="4" ind2="1"><marc:subfield code="a">British Library</marc:subfield><marc:subfield code="b">HMNTS</marc:subfield><marc:subfield code="j">1181.h.13.(2.)</marc:subfield></marc:datafield></marc:record>