
<marc:record><marc:leader>00658cam a22001573  4500</marc:leader>
<marc:controlfield tag="001">000009381</marc:controlfield>
<marc:controlfield tag="003">Uk</marc:controlfield><marc:controlfield tag="005">20110119132300.0</marc:controlfield><marc:controlfield tag="008">870813|1838|||||||    ||     ||| |||||  </marc:controlfield><marc:datafield tag="040" ind1=" " ind2=" "><marc:subfield code="a">Uk</marc:subfield><marc:subfield code="c">Uk</marc:subfield></marc:datafield><marc:datafield tag="100" ind1="1" ind2=" "><marc:subfield code="a">ABRICHT, Johann,</marc:subfield><marc:subfield code="c">pseud. [i.e. Jonathan Birch.]</marc:subfield></marc:datafield><marc:datafield tag="245" ind1="1" ind2="0"><marc:subfield code="a">Divine Emblems. Embellished with etchings on copper, after the fashion of Master F.Quarles.</marc:subfield></marc:datafield><marc:datafield tag="260" ind1=" " ind2=" "><marc:subfield code="a">London :</marc:subfield><marc:subfield code="b">T. Ward &amp; Co.,</marc:subfield><marc:subfield code="c">1838.</marc:subfield></marc:datafield><marc:datafield tag="300" ind1=" " ind2=" "><marc:subfield code="a">90 p. ;</marc:subfield><marc:subfield code="c">8º.</marc:subfield></marc:datafield><marc:datafield tag="775" ind1="0" ind2=" "><marc:subfield code="t">[Divine Emblems. Embellished with etchings on copper, after the fashion of Master F.Quarles.]</marc:subfield><marc:subfield code="d">pp. 90. Tims: Dublin; Bagster &amp; Sons: London, 1839. 8º.</marc:subfield><marc:subfield code="w">(Uk)MP1.0000010237.1</marc:subfield></marc:datafield><marc:datafield tag="852" ind1="4" ind2="1"><marc:subfield code="a">British Library</marc:subfield><marc:subfield code="b">HMNTS</marc:subfield><marc:subfield code="j">1164.k.1.</marc:subfield></marc:datafield></marc:record>