
<marc:record><marc:leader>00697cam a22001693  4500</marc:leader>
<marc:controlfield tag="001">000009382</marc:controlfield>
<marc:controlfield tag="003">Uk</marc:controlfield><marc:controlfield tag="005">20130723172100.0</marc:controlfield><marc:controlfield tag="008">870813|1839|||||||    ||     ||| |||||  </marc:controlfield><marc:datafield tag="040" ind1=" " ind2=" "><marc:subfield code="a">Uk</marc:subfield><marc:subfield code="c">Uk</marc:subfield></marc:datafield><marc:datafield tag="100" ind1="1" ind2=" "><marc:subfield code="a">ABRICHT, Johann,</marc:subfield><marc:subfield code="c">pseud. [i.e. Jonathan Birch.]</marc:subfield></marc:datafield><marc:datafield tag="245" ind1="1" ind2="0"><marc:subfield code="a">[Divine Emblems. Embellished with etchings on copper, after the fashion of Master F.Quarles.]</marc:subfield></marc:datafield><marc:datafield tag="250" ind1=" " ind2=" "><marc:subfield code="a">[Another edition.]</marc:subfield></marc:datafield><marc:datafield tag="260" ind1=" " ind2=" "><marc:subfield code="a">Dublin :</marc:subfield><marc:subfield code="b">Tims ;</marc:subfield><marc:subfield code="a">London :</marc:subfield><marc:subfield code="b">Bagster &amp; Sons,</marc:subfield><marc:subfield code="c">1839.</marc:subfield></marc:datafield><marc:datafield tag="300" ind1=" " ind2=" "><marc:subfield code="a">90 p. ;</marc:subfield><marc:subfield code="c">8º.</marc:subfield></marc:datafield><marc:datafield tag="787" ind1="0" ind2=" "><marc:subfield code="t">Divine Emblems. Embellished with etchings on copper, after the fashion of Master F.Quarles.</marc:subfield><marc:subfield code="d">pp. 90. T. Ward &amp; Co.: London, 1838. 8º.</marc:subfield><marc:subfield code="w">(Uk)MP1.0000010237</marc:subfield></marc:datafield><marc:datafield tag="852" ind1="4" ind2="1"><marc:subfield code="a">British Library</marc:subfield><marc:subfield code="b">HMNTS</marc:subfield><marc:subfield code="j">11626.bb.2.</marc:subfield></marc:datafield></marc:record>