
<marc:record><marc:leader>00757cam a22001693  4500</marc:leader>
<marc:controlfield tag="001">000009532</marc:controlfield>
<marc:controlfield tag="003">Uk</marc:controlfield><marc:controlfield tag="005">20111222151700.0</marc:controlfield><marc:controlfield tag="008">870813|1861|||||||    ||     ||| |||||  </marc:controlfield><marc:datafield tag="040" ind1=" " ind2=" "><marc:subfield code="a">Uk</marc:subfield><marc:subfield code="c">Uk</marc:subfield></marc:datafield><marc:datafield tag="100" ind1="1" ind2=" "><marc:subfield code="a">ABSOLOM, Charles Severn.</marc:subfield></marc:datafield><marc:datafield tag="245" ind1="1" ind2="0"><marc:subfield code="a">Dr. Temple's Essay [entitled “The Education of the World”] examined.</marc:subfield></marc:datafield><marc:datafield tag="260" ind1=" " ind2=" "><marc:subfield code="a">London :</marc:subfield><marc:subfield code="b">Wertheim, Macintosh &amp; Hunt,</marc:subfield><marc:subfield code="c">1861.</marc:subfield></marc:datafield><marc:datafield tag="300" ind1=" " ind2=" "><marc:subfield code="a">28 p. ;</marc:subfield><marc:subfield code="c">8º.</marc:subfield></marc:datafield><marc:datafield tag="700" ind1="1" ind2=" "><marc:subfield code="a">TEMPLE, Frederick,</marc:subfield><marc:subfield code="c">Successively Bishop of Exeter and of London, and Archbishop of Canterbury.</marc:subfield><marc:subfield code="t">The Education of the World.</marc:subfield></marc:datafield><marc:datafield tag="852" ind1="4" ind2="1"><marc:subfield code="a">British Library</marc:subfield><marc:subfield code="b">HMNTS</marc:subfield><marc:subfield code="j">4377.h.2.</marc:subfield></marc:datafield><marc:datafield tag="886" ind1="2" ind2=" "><marc:subfield code="2">blmarc</marc:subfield><marc:subfield code="a">709</marc:subfield><marc:subfield code="b">00</marc:subfield><marc:subfield code="a">TEMPLE</marc:subfield><marc:subfield code="h">Frederick</marc:subfield><marc:subfield code="f">Successively Bishop of Exeter and of London, and Archbishop of Canterbury</marc:subfield><marc:subfield code="t">The Education of the World.</marc:subfield><marc:subfield code="p">4377.h.2.</marc:subfield><marc:subfield code="x">3222910014</marc:subfield></marc:datafield></marc:record>