
<marc:record><marc:leader>00722cam a22001693  4500</marc:leader>
<marc:controlfield tag="001">000009588</marc:controlfield>
<marc:controlfield tag="003">Uk</marc:controlfield><marc:controlfield tag="005">20120120152500.0</marc:controlfield><marc:controlfield tag="008">970829|1864|||||||    ||    |||| |||||  </marc:controlfield><marc:datafield tag="040" ind1=" " ind2=" "><marc:subfield code="a">Uk</marc:subfield><marc:subfield code="c">Uk</marc:subfield></marc:datafield><marc:datafield tag="245" ind1="1" ind2="0"><marc:subfield code="a">Spurgeonism logically developed. A few suggestions adapted to Mr. Spurgeon's “small logical faculty.” [Signed: Absurdus.]</marc:subfield></marc:datafield><marc:datafield tag="260" ind1=" " ind2=" "><marc:subfield code="a">London :</marc:subfield><marc:subfield code="b">William Macintosh,</marc:subfield><marc:subfield code="c">[1864]</marc:subfield></marc:datafield><marc:datafield tag="300" ind1=" " ind2=" "><marc:subfield code="a">8 p. ;</marc:subfield><marc:subfield code="c">8º.</marc:subfield></marc:datafield><marc:datafield tag="700" ind1="1" ind2=" "><marc:subfield code="a">Spurgeon, C. H.</marc:subfield><marc:subfield code="q">(Charles Haddon),</marc:subfield><marc:subfield code="d">1834-1892</marc:subfield><marc:subfield code="t">Single Works. Baptismal Regeneration, etc.</marc:subfield></marc:datafield><marc:datafield tag="720" ind1=" " ind2=" "><marc:subfield code="a">ABSURDUS, pseud.</marc:subfield><marc:subfield code="e">main entry</marc:subfield></marc:datafield><marc:datafield tag="852" ind1="4" ind2="1"><marc:subfield code="a">British Library</marc:subfield><marc:subfield code="b">HMNTS</marc:subfield><marc:subfield code="j">4325.cc.11.</marc:subfield></marc:datafield><marc:datafield tag="886" ind1="2" ind2=" "><marc:subfield code="2">blmarc</marc:subfield><marc:subfield code="a">709</marc:subfield><marc:subfield code="b">00</marc:subfield><marc:subfield code="a">SPURGEON</marc:subfield><marc:subfield code="h">Charles Haddon</marc:subfield><marc:subfield code="t">Single Works</marc:subfield><marc:subfield code="t">Baptismal Regeneration, etc.</marc:subfield><marc:subfield code="p">4325.cc.11.</marc:subfield><marc:subfield code="x">310313004X</marc:subfield></marc:datafield></marc:record>