
<marc:record><marc:leader>01089cam a22002173  4500</marc:leader>
<marc:controlfield tag="001">000009625</marc:controlfield>
<marc:controlfield tag="003">Uk</marc:controlfield><marc:controlfield tag="005">20130611183900.0</marc:controlfield><marc:controlfield tag="008">990316|1897||||ii     ||    |||| |||||  </marc:controlfield><marc:datafield tag="040" ind1=" " ind2=" "><marc:subfield code="a">Uk</marc:subfield><marc:subfield code="c">Uk</marc:subfield></marc:datafield><marc:datafield tag="245" ind1="1" ind2="5"><marc:subfield code="a">[The Ayin Akbary, or the Institutes of the Emperor Akbar. Translated [by Francis Gladwin], etc.]</marc:subfield></marc:datafield><marc:datafield tag="250" ind1=" " ind2=" "><marc:subfield code="a">[Another edition.] Edited with an exhaustive index by Jagadish Mukhopadhyaya.</marc:subfield></marc:datafield><marc:datafield tag="260" ind1=" " ind2=" "><marc:subfield code="a">pp. xxiv. xiv. 802. Indian Publication Society: Calcutta, 1897, 98.</marc:subfield></marc:datafield><marc:datafield tag="300" ind1=" " ind2=" "><marc:subfield code="a">8º.</marc:subfield></marc:datafield><marc:datafield tag="700" ind1="1" ind2=" "><marc:subfield code="a">Gladwin, Francis,</marc:subfield><marc:subfield code="d">-1813?</marc:subfield></marc:datafield><marc:datafield tag="720" ind1=" " ind2=" "><marc:subfield code="a">ABU AL-FAẒL IBN MUBĀRAK, called 'Allāmī</marc:subfield><marc:subfield code="e">main entry</marc:subfield></marc:datafield><marc:datafield tag="720" ind1=" " ind2=" "><marc:subfield code="a">JAGADĪSA MUKHOPĀDHYĀYA B.A.</marc:subfield></marc:datafield><marc:datafield tag="787" ind1="0" ind2=" "><marc:subfield code="t">The Ayin Akbary, or the Institutes of the Emperor Akbar. Translated [by Francis Gladwin], etc.</marc:subfield><marc:subfield code="d">pp. iv. 81. William Richardson: London, 1777. 4º.</marc:subfield><marc:subfield code="w">(Uk)MP1.0000010556</marc:subfield></marc:datafield><marc:datafield tag="852" ind1="4" ind2="1"><marc:subfield code="a">British Library</marc:subfield><marc:subfield code="b">OC</marc:subfield><marc:subfield code="j">757.ff.11.</marc:subfield></marc:datafield><marc:datafield tag="886" ind1="2" ind2=" "><marc:subfield code="2">blmarc</marc:subfield><marc:subfield code="a">709</marc:subfield><marc:subfield code="b">00</marc:subfield><marc:subfield code="a">GLADWIN</marc:subfield><marc:subfield code="h">Francis</marc:subfield><marc:subfield code="p">26.i.16.</marc:subfield><marc:subfield code="x">1260450279</marc:subfield><marc:subfield code="p">757.ff.11.</marc:subfield><marc:subfield code="x">1260450295</marc:subfield><marc:subfield code="p">757.k.34.</marc:subfield><marc:subfield code="x">1260450287</marc:subfield></marc:datafield><marc:datafield tag="886" ind1="2" ind2=" "><marc:subfield code="2">blmarc</marc:subfield><marc:subfield code="a">709</marc:subfield><marc:subfield code="b">00</marc:subfield><marc:subfield code="a">JAGADĪSA MUKHOPĀDHYĀYA B.A.</marc:subfield><marc:subfield code="p">757.ff.11.</marc:subfield><marc:subfield code="x">162420029X</marc:subfield></marc:datafield></marc:record>