
<marc:record><marc:leader>01273cam a22002653  4500</marc:leader>
<marc:controlfield tag="001">000009626</marc:controlfield>
<marc:controlfield tag="003">Uk</marc:controlfield><marc:controlfield tag="005">20110413165649.0</marc:controlfield><marc:controlfield tag="008">010316|1873||||ii     ||    |||| ||eng  </marc:controlfield><marc:datafield tag="040" ind1=" " ind2=" "><marc:subfield code="a">Uk</marc:subfield><marc:subfield code="c">Uk</marc:subfield></marc:datafield><marc:datafield tag="245" ind1="1" ind2="4"><marc:subfield code="a">The Aín Akbarí by Abul Fazl 'Allami, translated ... by H. Blochmann. (vol. 2, 3. Translated by Colonel H. S. Jarrett.-A Supplementary Index of the Place Names on pages 89 to 414 of ... vol. II ... Compiled by William Irvine ... and Lavinia Mary Anstey.).</marc:subfield></marc:datafield><marc:datafield tag="260" ind1=" " ind2=" "><marc:subfield code="a">4 vol. Calcutta, 1873 [1869]-94.</marc:subfield></marc:datafield><marc:datafield tag="300" ind1=" " ind2=" "><marc:subfield code="a">8º.</marc:subfield></marc:datafield><marc:datafield tag="490" ind1="0" ind2=" "><marc:subfield code="a">[Bibliotheca Indica.]</marc:subfield></marc:datafield><marc:datafield tag="500" ind1=" " ind2=" "><marc:subfield code="a">Published in parts.</marc:subfield></marc:datafield><marc:datafield tag="700" ind1="1" ind2=" "><marc:subfield code="a">Anstey, Lavinia Mary.</marc:subfield></marc:datafield><marc:datafield tag="700" ind1="1" ind2=" "><marc:subfield code="a">BLOCHMANN, Heinrich Ferdinand.</marc:subfield></marc:datafield><marc:datafield tag="700" ind1="1" ind2=" "><marc:subfield code="a">IRVINE, William,</marc:subfield><marc:subfield code="c">late Bengal Civil Service.</marc:subfield></marc:datafield><marc:datafield tag="700" ind1="1" ind2=" "><marc:subfield code="a">Jarrett, H. S.</marc:subfield><marc:subfield code="q">(Henry Sullivan),</marc:subfield><marc:subfield code="d">1839-1919.</marc:subfield></marc:datafield><marc:datafield tag="720" ind1=" " ind2=" "><marc:subfield code="a">ABU AL-FAẒL IBN MUBĀRAK, called 'Allāmī</marc:subfield><marc:subfield code="e">main entry</marc:subfield></marc:datafield><marc:datafield tag="852" ind1="4" ind2="1"><marc:subfield code="a">British Library</marc:subfield><marc:subfield code="b">OC</marc:subfield><marc:subfield code="j">14002.a.(vol.61.)</marc:subfield></marc:datafield><marc:datafield tag="886" ind1="2" ind2=" "><marc:subfield code="2">blmarc</marc:subfield><marc:subfield code="a">709</marc:subfield><marc:subfield code="b">00</marc:subfield><marc:subfield code="a">ANSTEY</marc:subfield><marc:subfield code="h">Lavinia Mary</marc:subfield><marc:subfield code="p">14002.a.61.</marc:subfield><marc:subfield code="x">0091800110</marc:subfield></marc:datafield><marc:datafield tag="886" ind1="2" ind2=" "><marc:subfield code="2">blmarc</marc:subfield><marc:subfield code="a">709</marc:subfield><marc:subfield code="b">00</marc:subfield><marc:subfield code="a">BLOCHMANN</marc:subfield><marc:subfield code="h">Heinrich Ferdinand</marc:subfield><marc:subfield code="p">14002.a.</marc:subfield><marc:subfield code="x">0344070093</marc:subfield></marc:datafield><marc:datafield tag="886" ind1="2" ind2=" "><marc:subfield code="2">blmarc</marc:subfield><marc:subfield code="a">709</marc:subfield><marc:subfield code="b">00</marc:subfield><marc:subfield code="a">IRVINE</marc:subfield><marc:subfield code="h">William</marc:subfield><marc:subfield code="f">late Bengal Civil Service</marc:subfield><marc:subfield code="p">14002.a.61.</marc:subfield><marc:subfield code="x">1604300299</marc:subfield></marc:datafield><marc:datafield tag="886" ind1="2" ind2=" "><marc:subfield code="2">blmarc</marc:subfield><marc:subfield code="a">709</marc:subfield><marc:subfield code="b">00</marc:subfield><marc:subfield code="a">JARRETT</marc:subfield><marc:subfield code="h">Henry Sullivan</marc:subfield><marc:subfield code="p">14002.a.61.</marc:subfield><marc:subfield code="x">1640390065</marc:subfield></marc:datafield></marc:record>