
<marc:record><marc:leader>00854cam a22002053  4500</marc:leader>
<marc:controlfield tag="001">000009627</marc:controlfield>
<marc:controlfield tag="003">Uk</marc:controlfield><marc:controlfield tag="005">20120210152800.0</marc:controlfield><marc:controlfield tag="008">010316|1897||||ii     ||    |||| ||eng  </marc:controlfield><marc:datafield tag="040" ind1=" " ind2=" "><marc:subfield code="a">Uk</marc:subfield><marc:subfield code="c">Uk</marc:subfield></marc:datafield><marc:datafield tag="245" ind1="1" ind2="4"><marc:subfield code="a">The Akbarnāma of Abu-l-Faẓl. [The history of the reign of the Emperor Akbar down to A.D. 1602.] Translated ... by H. Beveridge.</marc:subfield></marc:datafield><marc:datafield tag="260" ind1=" " ind2=" "><marc:subfield code="a">Calcutta,</marc:subfield><marc:subfield code="c">1897-</marc:subfield></marc:datafield><marc:datafield tag="300" ind1=" " ind2=" "><marc:subfield code="c">8º.</marc:subfield></marc:datafield><marc:datafield tag="490" ind1="0" ind2=" "><marc:subfield code="a">[Bibliotheca Indica. vol. 138.]</marc:subfield></marc:datafield><marc:datafield tag="700" ind1="1" ind2=" "><marc:subfield code="a">BEVERIDGE, Henry,</marc:subfield><marc:subfield code="c">of the Bengal Civil Service.</marc:subfield></marc:datafield><marc:datafield tag="720" ind1=" " ind2=" "><marc:subfield code="a">ABU AL-FAẒL IBN MUBĀRAK, called 'Allāmī</marc:subfield><marc:subfield code="e">main entry</marc:subfield></marc:datafield><marc:datafield tag="720" ind1=" " ind2=" "><marc:subfield code="a">AKBAR, Emperor of Hindustan</marc:subfield></marc:datafield><marc:datafield tag="852" ind1="4" ind2="1"><marc:subfield code="a">British Library</marc:subfield><marc:subfield code="b">OC</marc:subfield><marc:subfield code="j">14002.a.(vol.138.)</marc:subfield></marc:datafield><marc:datafield tag="886" ind1="2" ind2=" "><marc:subfield code="2">blmarc</marc:subfield><marc:subfield code="a">709</marc:subfield><marc:subfield code="b">00</marc:subfield><marc:subfield code="a">AKBAR, Emperor of Hindustan</marc:subfield><marc:subfield code="p">14002.a.(138.)</marc:subfield><marc:subfield code="x">0040920232</marc:subfield></marc:datafield><marc:datafield tag="886" ind1="2" ind2=" "><marc:subfield code="2">blmarc</marc:subfield><marc:subfield code="a">709</marc:subfield><marc:subfield code="b">00</marc:subfield><marc:subfield code="a">BEVERIDGE</marc:subfield><marc:subfield code="h">Henry</marc:subfield><marc:subfield code="f">of the Bengal Civil Service</marc:subfield><marc:subfield code="p">14002.a.(138.)</marc:subfield><marc:subfield code="x">0280920318</marc:subfield></marc:datafield></marc:record>