
<marc:record><marc:leader>00854cam a22002053  4500</marc:leader>
<marc:controlfield tag="001">000009628</marc:controlfield>
<marc:controlfield tag="003">Uk</marc:controlfield><marc:controlfield tag="005">20100210143749.0</marc:controlfield><marc:controlfield tag="008">991115s1834    enk    ||    |||| ||eng  </marc:controlfield><marc:datafield tag="040" ind1=" " ind2=" "><marc:subfield code="a">Uk</marc:subfield><marc:subfield code="c">Uk</marc:subfield></marc:datafield><marc:datafield tag="100" ind1="0" ind2=" "><marc:subfield code="a">Abū al-Faz̤l ibn Mubārak,</marc:subfield><marc:subfield code="d">1551-1602.</marc:subfield></marc:datafield><marc:datafield tag="240" ind1="1" ind2="0"><marc:subfield code="a">Akbārnāmah.</marc:subfield><marc:subfield code="k">Selections.</marc:subfield><marc:subfield code="l">English</marc:subfield></marc:datafield><marc:datafield tag="245" ind1="1" ind2="3"><marc:subfield code="a">An account of the siege and reduction of Chaitúr by the Emperor Akbar:</marc:subfield><marc:subfield code="b">from the Akbar-namah of Skaikh Abul-Fazl /</marc:subfield><marc:subfield code="c">translated by David Price.</marc:subfield></marc:datafield><marc:datafield tag="260" ind1=" " ind2=" "><marc:subfield code="a">London :</marc:subfield><marc:subfield code="b">Oriental Translation Fund,</marc:subfield><marc:subfield code="c">1834.</marc:subfield></marc:datafield><marc:datafield tag="300" ind1=" " ind2=" "><marc:subfield code="a">42 p. ;</marc:subfield><marc:subfield code="c">22 cm.</marc:subfield></marc:datafield><marc:datafield tag="490" ind1="0" ind2=" "><marc:subfield code="a">Miscellaneous translations from Oriental languages / Oriental Translation Fund ;</marc:subfield><marc:subfield code="v">v. 2, no. 2</marc:subfield></marc:datafield><marc:datafield tag="700" ind1="1" ind2=" "><marc:subfield code="a">Price, David,</marc:subfield><marc:subfield code="d">1762-1835.</marc:subfield></marc:datafield><marc:datafield tag="710" ind1="2" ind2=" "><marc:subfield code="a">Oriental Translation Fund.</marc:subfield></marc:datafield><marc:datafield tag="852" ind1="4" ind2="1"><marc:subfield code="a">British Library</marc:subfield><marc:subfield code="b">OC</marc:subfield><marc:subfield code="j">14003.d.5.</marc:subfield></marc:datafield><marc:datafield tag="886" ind1="2" ind2=" "><marc:subfield code="2">blmarc</marc:subfield><marc:subfield code="a">709</marc:subfield><marc:subfield code="b">00</marc:subfield><marc:subfield code="a">PRICE</marc:subfield><marc:subfield code="h">David</marc:subfield><marc:subfield code="f">Major</marc:subfield><marc:subfield code="p">14003.d.5.</marc:subfield><marc:subfield code="x">2652890034</marc:subfield></marc:datafield></marc:record>