
<marc:record><marc:leader>00628cam a22001693  4500</marc:leader>
<marc:controlfield tag="001">000009629</marc:controlfield>
<marc:controlfield tag="003">Uk</marc:controlfield><marc:controlfield tag="005">20121009194900.0</marc:controlfield><marc:controlfield tag="008">870813|1871|||||||    ||    |||| |||||  </marc:controlfield><marc:datafield tag="040" ind1=" " ind2=" "><marc:subfield code="a">Uk</marc:subfield><marc:subfield code="c">Uk</marc:subfield></marc:datafield><marc:datafield tag="245" ind1="1" ind2="0"><marc:subfield code="a">Histoire des Mogols et des Tatares ... Publiée, traduite et annotée par le Baron Desmaisons.</marc:subfield></marc:datafield><marc:datafield tag="260" ind1=" " ind2=" "><marc:subfield code="a">St.-Pétersbourg,</marc:subfield><marc:subfield code="c">1871, 74.</marc:subfield></marc:datafield><marc:datafield tag="300" ind1=" " ind2=" "><marc:subfield code="a">2 tom. ;</marc:subfield><marc:subfield code="c">8º.</marc:subfield></marc:datafield><marc:datafield tag="700" ind1="1" ind2=" "><marc:subfield code="a">DESMAISONS, Peter Ivanovich,</marc:subfield><marc:subfield code="c">Baron.</marc:subfield></marc:datafield><marc:datafield tag="720" ind1=" " ind2=" "><marc:subfield code="a">ABU AL-GHĀZĪ, Bahādur, Khan of Khuwarazm</marc:subfield><marc:subfield code="e">main entry</marc:subfield></marc:datafield><marc:datafield tag="852" ind1="4" ind2="1"><marc:subfield code="a">British Library</marc:subfield><marc:subfield code="b">OC</marc:subfield><marc:subfield code="j">14456.d.12.</marc:subfield></marc:datafield><marc:datafield tag="886" ind1="2" ind2=" "><marc:subfield code="2">blmarc</marc:subfield><marc:subfield code="a">709</marc:subfield><marc:subfield code="b">00</marc:subfield><marc:subfield code="a">DESMAISONS</marc:subfield><marc:subfield code="h">Peter Ivanovich</marc:subfield><marc:subfield code="f">Baron</marc:subfield><marc:subfield code="p">14456.d.12.</marc:subfield><marc:subfield code="x">0813110076</marc:subfield></marc:datafield></marc:record>