
<marc:record><marc:leader>00778cam a22001813  4500</marc:leader>
<marc:controlfield tag="001">000009639</marc:controlfield>
<marc:controlfield tag="003">Uk</marc:controlfield><marc:controlfield tag="005">20111222151700.0</marc:controlfield><marc:controlfield tag="008">870813|1886|||||||    ||    |||| |||||  </marc:controlfield><marc:datafield tag="040" ind1=" " ind2=" "><marc:subfield code="a">Uk</marc:subfield><marc:subfield code="c">Uk</marc:subfield></marc:datafield><marc:datafield tag="245" ind1="1" ind2="0"><marc:subfield code="a">Le Maroc de 1631 à 1812, extrait de l'ouvrage intitulé Ettordjemân elmoárib 'an douel elmachriq ou 'lmaghrib, de Aboulqâsem ben Ahmed Ezziāni, publié et traduit par O. Houdas.</marc:subfield></marc:datafield><marc:datafield tag="260" ind1=" " ind2=" "><marc:subfield code="a">Paris,</marc:subfield><marc:subfield code="c">1886.</marc:subfield></marc:datafield><marc:datafield tag="300" ind1=" " ind2=" "><marc:subfield code="a">2 pt. ;</marc:subfield><marc:subfield code="c">8º.</marc:subfield></marc:datafield><marc:datafield tag="490" ind1="0" ind2=" "><marc:subfield code="a">[Publications de l'École des Langues Orientales Vivantes. sér. 2. vol. 18.]</marc:subfield></marc:datafield><marc:datafield tag="700" ind1="1" ind2=" "><marc:subfield code="a">Houdas, Octave Victor,</marc:subfield><marc:subfield code="d">1840-1916.</marc:subfield></marc:datafield><marc:datafield tag="720" ind1=" " ind2=" "><marc:subfield code="a">ABŪ AL-K̇ĀSIM IBN AḢMAD, al-Zaiyānī</marc:subfield><marc:subfield code="e">main entry</marc:subfield></marc:datafield><marc:datafield tag="852" ind1="4" ind2="1"><marc:subfield code="a">British Library</marc:subfield><marc:subfield code="b">OC</marc:subfield><marc:subfield code="j">14003.i.19.</marc:subfield></marc:datafield><marc:datafield tag="886" ind1="2" ind2=" "><marc:subfield code="2">blmarc</marc:subfield><marc:subfield code="a">709</marc:subfield><marc:subfield code="b">00</marc:subfield><marc:subfield code="a">HOUDAS</marc:subfield><marc:subfield code="h">Octave</marc:subfield><marc:subfield code="p">14003.i.19.</marc:subfield><marc:subfield code="x">1532590113</marc:subfield></marc:datafield></marc:record>