
<marc:record><marc:leader>00658cam a22001573  4500</marc:leader>
<marc:controlfield tag="001">000009644</marc:controlfield>
<marc:controlfield tag="003">Uk</marc:controlfield><marc:controlfield tag="005">20120120152500.0</marc:controlfield><marc:controlfield tag="008">870813|1877|||||||    ||    |||| |||||  </marc:controlfield><marc:datafield tag="040" ind1=" " ind2=" "><marc:subfield code="a">Uk</marc:subfield><marc:subfield code="c">Uk</marc:subfield></marc:datafield><marc:datafield tag="245" ind1="1" ind2="0"><marc:subfield code="a">Dialogues français-arabes. Recueil ... de Th. Roland de Bussy. Refondus par Bel Kassem ben Sedira.</marc:subfield></marc:datafield><marc:datafield tag="260" ind1=" " ind2=" "><marc:subfield code="a">Alger,</marc:subfield><marc:subfield code="c">1877.</marc:subfield></marc:datafield><marc:datafield tag="300" ind1=" " ind2=" "><marc:subfield code="a">vii, 370 p. ;</marc:subfield><marc:subfield code="c">16º.</marc:subfield></marc:datafield><marc:datafield tag="720" ind1=" " ind2=" "><marc:subfield code="a">ABU AL-K̇ĀSIM IBN SADĪRAH</marc:subfield><marc:subfield code="e">main entry</marc:subfield></marc:datafield><marc:datafield tag="775" ind1="0" ind2=" "><marc:subfield code="t">[Dialogues français-arabes. Recueil ... de Th. Roland de Bussy. Refondus par Bel Kassem ben Sedira.]</marc:subfield><marc:subfield code="d">pp. viii. 370. Alger; Angers [printed], 1889. 8º.</marc:subfield><marc:subfield code="w">(Uk)MP1.0000010580.1</marc:subfield></marc:datafield><marc:datafield tag="852" ind1="4" ind2="1"><marc:subfield code="a">British Library</marc:subfield><marc:subfield code="b">HMNTS</marc:subfield><marc:subfield code="j">12904.aaa.24.</marc:subfield></marc:datafield></marc:record>