
<marc:record><marc:leader>00693cam a22001693  4500</marc:leader>
<marc:controlfield tag="001">000009645</marc:controlfield>
<marc:controlfield tag="003">Uk</marc:controlfield><marc:controlfield tag="005">20110119132300.0</marc:controlfield><marc:controlfield tag="008">870813|1889|||||||    ||    |||| |||||  </marc:controlfield><marc:datafield tag="040" ind1=" " ind2=" "><marc:subfield code="a">Uk</marc:subfield><marc:subfield code="c">Uk</marc:subfield></marc:datafield><marc:datafield tag="245" ind1="1" ind2="0"><marc:subfield code="a">[Dialogues français-arabes. Recueil ... de Th. Roland de Bussy. Refondus par Bel Kassem ben Sedira.]</marc:subfield></marc:datafield><marc:datafield tag="250" ind1=" " ind2=" "><marc:subfield code="a">Troisième édition.</marc:subfield></marc:datafield><marc:datafield tag="260" ind1=" " ind2=" "><marc:subfield code="a">pp. viii. 370. Alger; Angers [printed], 1889.</marc:subfield></marc:datafield><marc:datafield tag="300" ind1=" " ind2=" "><marc:subfield code="a">8º.</marc:subfield></marc:datafield><marc:datafield tag="720" ind1=" " ind2=" "><marc:subfield code="a">ABU AL-K̇ĀSIM IBN SADĪRAH</marc:subfield><marc:subfield code="e">main entry</marc:subfield></marc:datafield><marc:datafield tag="787" ind1="0" ind2=" "><marc:subfield code="t">Dialogues français-arabes. Recueil ... de Th. Roland de Bussy. Refondus par Bel Kassem ben Sedira.</marc:subfield><marc:subfield code="d">pp. vii. 370. Alger, 1877. 16º.</marc:subfield><marc:subfield code="w">(Uk)MP1.0000010580</marc:subfield></marc:datafield><marc:datafield tag="852" ind1="4" ind2="1"><marc:subfield code="a">British Library</marc:subfield><marc:subfield code="b">HMNTS</marc:subfield><marc:subfield code="j">12904.aaa.40.</marc:subfield></marc:datafield></marc:record>