
<marc:record><marc:leader>01364cam a22001933  4500</marc:leader>
<marc:controlfield tag="001">000009655</marc:controlfield>
<marc:controlfield tag="003">Uk</marc:controlfield><marc:controlfield tag="005">20110119132300.0</marc:controlfield><marc:controlfield tag="008">870813|1804|||||||    ||    |||| |||||  </marc:controlfield><marc:datafield tag="040" ind1=" " ind2=" "><marc:subfield code="a">Uk</marc:subfield><marc:subfield code="c">Uk</marc:subfield></marc:datafield><marc:datafield tag="245" ind1="1" ind2="0"><marc:subfield code="a">[Ἀραβικον μυθολογικον ... Συντεθεν ἐις την Ἀραβικην διαλεκτον παρα του πολυμαθους δερβυς Ἀμπουμπεκηρ. [An abridgment of the Arabian Nights.] ... Νυν τριτον ἐκ της Ἰταλικης ... μεταφρασθεν [by N. Georgides].]</marc:subfield></marc:datafield><marc:datafield tag="250" ind1=" " ind2=" "><marc:subfield code="a">[Another edition.]</marc:subfield></marc:datafield><marc:datafield tag="260" ind1=" " ind2=" "><marc:subfield code="a">3 tom. Ἐνετιησιν, 1804.</marc:subfield></marc:datafield><marc:datafield tag="300" ind1=" " ind2=" "><marc:subfield code="a">8º.</marc:subfield></marc:datafield><marc:datafield tag="720" ind1=" " ind2=" "><marc:subfield code="a">ABU BAKR, Dervish</marc:subfield><marc:subfield code="e">main entry</marc:subfield></marc:datafield><marc:datafield tag="720" ind1=" " ind2=" "><marc:subfield code="a">ARABIAN NIGHTS. Abridgements, Selections, etc.. Greek, Modern</marc:subfield></marc:datafield><marc:datafield tag="787" ind1="0" ind2=" "><marc:subfield code="t">Ἀραβικον μυθολογικον ... Συντεθεν ἐις την Ἀραβικην διαλεκτον παρα του πολυμαθους δερβυς Ἀμπουμπεκηρ. [An abridgment of the Arabian Nights.] ... Νυν τριτον ἐκ της Ἰταλικης ... μεταφρασθεν [by N. Georgides].</marc:subfield><marc:subfield code="d">3 tom. Ἐνετιησιν, 1792. 8º.</marc:subfield><marc:subfield code="w">(Uk)MP1.0000010598</marc:subfield></marc:datafield><marc:datafield tag="852" ind1="4" ind2="1"><marc:subfield code="a">British Library</marc:subfield><marc:subfield code="b">HMNTS</marc:subfield><marc:subfield code="j">868.c.20-22.</marc:subfield></marc:datafield><marc:datafield tag="886" ind1="2" ind2=" "><marc:subfield code="2">blmarc</marc:subfield><marc:subfield code="a">709</marc:subfield><marc:subfield code="b">00</marc:subfield><marc:subfield code="a">ARABIAN NIGHTS</marc:subfield><marc:subfield code="t">Abridgements, Selections, etc.</marc:subfield><marc:subfield code="t">Greek, Modern</marc:subfield><marc:subfield code="p">634.d.32-34.</marc:subfield><marc:subfield code="x">010109017X</marc:subfield><marc:subfield code="p">868.c.20-22.</marc:subfield><marc:subfield code="x">010109017X</marc:subfield></marc:datafield></marc:record>