
<marc:record><marc:leader>00707cam a22001693  4500</marc:leader>
<marc:controlfield tag="001">000009660</marc:controlfield>
<marc:controlfield tag="003">Uk</marc:controlfield><marc:controlfield tag="005">20110119132300.0</marc:controlfield><marc:controlfield tag="008">950210|1900|||||||    ||     ||| |||||  </marc:controlfield><marc:datafield tag="040" ind1=" " ind2=" "><marc:subfield code="a">Uk</marc:subfield><marc:subfield code="c">Uk</marc:subfield></marc:datafield><marc:datafield tag="100" ind1="1" ind2=" "><marc:subfield code="a">ABU BAKR IBN AL-ṪUFAIL, Abu Ja'far,</marc:subfield><marc:subfield code="c">al-Ishbīlī.</marc:subfield></marc:datafield><marc:datafield tag="245" ind1="1" ind2="0"><marc:subfield code="a">Hayy ben Yaqdhân: roman philosophique d'Ibn Thofaïl. Texte arabe, publié d'après un nouveau manuscrit avec les variantes des anciens textes et traduction française par Léon Gauthier.</marc:subfield></marc:datafield><marc:datafield tag="260" ind1=" " ind2=" "><marc:subfield code="a">pp. xvi. 118. 5. 121. Alger, 1900.</marc:subfield></marc:datafield><marc:datafield tag="300" ind1=" " ind2=" "><marc:subfield code="a">8º.</marc:subfield></marc:datafield><marc:datafield tag="700" ind1="1" ind2=" "><marc:subfield code="a">GAUTHIER, Léon,</marc:subfield><marc:subfield code="c">Orientalist.</marc:subfield></marc:datafield><marc:datafield tag="852" ind1="4" ind2="1"><marc:subfield code="a">British Library</marc:subfield><marc:subfield code="b">OC</marc:subfield><marc:subfield code="j">14540.a.54.</marc:subfield></marc:datafield><marc:datafield tag="886" ind1="2" ind2=" "><marc:subfield code="2">blmarc</marc:subfield><marc:subfield code="a">709</marc:subfield><marc:subfield code="b">00</marc:subfield><marc:subfield code="a">GAUTHIER</marc:subfield><marc:subfield code="h">Léon</marc:subfield><marc:subfield code="f">Orientalist</marc:subfield><marc:subfield code="p">14540.a.54.</marc:subfield><marc:subfield code="x">1210670208</marc:subfield></marc:datafield></marc:record>