
<marc:record><marc:leader>01043cam a22002053  4500</marc:leader>
<marc:controlfield tag="001">000009671</marc:controlfield>
<marc:controlfield tag="003">Uk</marc:controlfield><marc:controlfield tag="005">20130105185000.0</marc:controlfield><marc:controlfield tag="008">870813|1900|||||||    ||     ||| |||||  </marc:controlfield><marc:datafield tag="040" ind1=" " ind2=" "><marc:subfield code="a">Uk</marc:subfield><marc:subfield code="c">Uk</marc:subfield></marc:datafield><marc:datafield tag="100" ind1="1" ind2=" "><marc:subfield code="a">ABU BAKR IBN AL-ṪUFAIL, Abu Ja'far,</marc:subfield><marc:subfield code="c">al-Ishbīlī.</marc:subfield></marc:datafield><marc:datafield tag="245" ind1="1" ind2="0"><marc:subfield code="a">El Filósofo Autodidacto de Abentofail. Novela psicológica traducida directamente del árabe por D. Francisco Pons Boigues, con un prólogo de Menéndez y Pelayo. (Alegoría mística. Hay Benyocdán de Avicena.).</marc:subfield></marc:datafield><marc:datafield tag="260" ind1=" " ind2=" "><marc:subfield code="a">Zaragoza,</marc:subfield><marc:subfield code="c">1900.</marc:subfield></marc:datafield><marc:datafield tag="300" ind1=" " ind2=" "><marc:subfield code="a">lvi, 250 p. ;</marc:subfield><marc:subfield code="c">8º.</marc:subfield></marc:datafield><marc:datafield tag="490" ind1="0" ind2=" "><marc:subfield code="a">[Colección de estudios árabes. no. 5.]</marc:subfield></marc:datafield><marc:datafield tag="700" ind1="1" ind2=" "><marc:subfield code="a">Menéndez y Pelayo, Marcelino,</marc:subfield><marc:subfield code="d">1856-1912.</marc:subfield><marc:subfield code="t">Works edited, translated or with prefaces by this Author.</marc:subfield></marc:datafield><marc:datafield tag="700" ind1="1" ind2=" "><marc:subfield code="a">PONS BOIGUES, Francisco.</marc:subfield></marc:datafield><marc:datafield tag="852" ind1="4" ind2="1"><marc:subfield code="a">British Library</marc:subfield><marc:subfield code="b">OC</marc:subfield><marc:subfield code="j">14599.cc.1.</marc:subfield></marc:datafield><marc:datafield tag="886" ind1="2" ind2=" "><marc:subfield code="2">blmarc</marc:subfield><marc:subfield code="a">709</marc:subfield><marc:subfield code="b">00</marc:subfield><marc:subfield code="a">MENÉNDEZ Y PELAYO</marc:subfield><marc:subfield code="h">Marcelino</marc:subfield><marc:subfield code="t">Works edited, translated or with prefaces by this Author</marc:subfield><marc:subfield code="p">14599.cc.1.</marc:subfield><marc:subfield code="x">2182580050</marc:subfield></marc:datafield><marc:datafield tag="886" ind1="2" ind2=" "><marc:subfield code="2">blmarc</marc:subfield><marc:subfield code="a">709</marc:subfield><marc:subfield code="b">00</marc:subfield><marc:subfield code="a">PONS BOIGUES</marc:subfield><marc:subfield code="h">Francisco</marc:subfield><marc:subfield code="p">14599.cc.1.</marc:subfield><marc:subfield code="x">2623040265</marc:subfield></marc:datafield></marc:record>