
<marc:record><marc:leader>01060cam a22001933  4500</marc:leader>
<marc:controlfield tag="001">000009675</marc:controlfield>
<marc:controlfield tag="003">Uk</marc:controlfield><marc:controlfield tag="005">20110311165800.0</marc:controlfield><marc:controlfield tag="008">870813|1844|||||||    ||    |||| |||||  </marc:controlfield><marc:datafield tag="040" ind1=" " ind2=" "><marc:subfield code="a">Uk</marc:subfield><marc:subfield code="c">Uk</marc:subfield></marc:datafield><marc:datafield tag="245" ind1="1" ind2="0"><marc:subfield code="a">Türkisch-Persischer Rechtsstreit; oder, das wahrhaftige Mährchen von dem berühmten Abubekr-Ibn-Gnillesch in Ispahan und dem alten, weisen Abdallah-Ibn-Sulnap [i.e. H. E. G. Paulus] in Schiras ... Aus dem Türkischen Original ins Deutsche übertragen von einem Freunde der Wahrheit, etc.</marc:subfield></marc:datafield><marc:datafield tag="260" ind1=" " ind2=" "><marc:subfield code="a">Darmstadt,</marc:subfield><marc:subfield code="c">1844.</marc:subfield></marc:datafield><marc:datafield tag="300" ind1=" " ind2=" "><marc:subfield code="a">30 p. ;</marc:subfield><marc:subfield code="c">16º.</marc:subfield></marc:datafield><marc:datafield tag="700" ind1="1" ind2=" "><marc:subfield code="a">Schelling, Friedrich Wilhelm Joseph von,</marc:subfield><marc:subfield code="d">1775-1854.</marc:subfield><marc:subfield code="t">Appendix.</marc:subfield></marc:datafield><marc:datafield tag="720" ind1=" " ind2=" "><marc:subfield code="a">ABUBEKR-IBN-GNILLESCH, pseud. [i.e. Franz Wilhelm Joseph von Schelling.]</marc:subfield><marc:subfield code="e">main entry</marc:subfield></marc:datafield><marc:datafield tag="720" ind1=" " ind2=" "><marc:subfield code="a">ABDALLAH-IBN-SULUAP, pseud. [i.e. H. E. G. Paulus.]</marc:subfield></marc:datafield><marc:datafield tag="852" ind1="4" ind2="1"><marc:subfield code="a">British Library</marc:subfield><marc:subfield code="b">HMNTS</marc:subfield><marc:subfield code="j">1249.b.27.</marc:subfield></marc:datafield><marc:datafield tag="886" ind1="2" ind2=" "><marc:subfield code="2">blmarc</marc:subfield><marc:subfield code="a">709</marc:subfield><marc:subfield code="b">00</marc:subfield><marc:subfield code="a">ABDALLAH-IBN-SULUAP, pseud. [i.e. H. E. G. Paulus.]</marc:subfield><marc:subfield code="p">1249.b.27.</marc:subfield><marc:subfield code="x">0012170224</marc:subfield></marc:datafield><marc:datafield tag="886" ind1="2" ind2=" "><marc:subfield code="2">blmarc</marc:subfield><marc:subfield code="a">709</marc:subfield><marc:subfield code="b">00</marc:subfield><marc:subfield code="a">SCHELLING</marc:subfield><marc:subfield code="h">Friedrich Wilhelm Joseph von</marc:subfield><marc:subfield code="t">Appendix</marc:subfield><marc:subfield code="p">1249.b.27.</marc:subfield><marc:subfield code="x">2921520001</marc:subfield></marc:datafield></marc:record>