
<marc:record><marc:leader>00848cam a22001933  4500</marc:leader>
<marc:controlfield tag="001">000009696</marc:controlfield>
<marc:controlfield tag="003">Uk</marc:controlfield><marc:controlfield tag="005">20120120152500.0</marc:controlfield><marc:controlfield tag="008">870813|1841|||||||    ||    |||| |||||  </marc:controlfield><marc:datafield tag="040" ind1=" " ind2=" "><marc:subfield code="a">Uk</marc:subfield><marc:subfield code="c">Uk</marc:subfield></marc:datafield><marc:datafield tag="245" ind1="1" ind2="0"><marc:subfield code="a">Libri aethiopici Fetha Negest, i.e. Canon regum. Caput XLIV. De regibus ... Latine versum, annotationibus illustratum ... assumpto socio Guilelmo Scheuerlein ... publice defendet Fridericus Augustus Arnold.</marc:subfield></marc:datafield><marc:datafield tag="260" ind1=" " ind2=" "><marc:subfield code="a">Halis Saxonum,</marc:subfield><marc:subfield code="c">1841.</marc:subfield></marc:datafield><marc:datafield tag="300" ind1=" " ind2=" "><marc:subfield code="a">vi, 48 p. ;</marc:subfield><marc:subfield code="c">8º.</marc:subfield></marc:datafield><marc:datafield tag="700" ind1="1" ind2=" "><marc:subfield code="a">ARNOLD, Friedrich August.</marc:subfield></marc:datafield><marc:datafield tag="700" ind1="1" ind2=" "><marc:subfield code="a">SCHEUERLEIN, Fr. Wilhelm A.</marc:subfield></marc:datafield><marc:datafield tag="720" ind1=" " ind2=" "><marc:subfield code="a">ABU ISHĀK IBN FAKHR AL-DAULAH, called Ibn al-'Assāl</marc:subfield><marc:subfield code="e">main entry</marc:subfield></marc:datafield><marc:datafield tag="852" ind1="4" ind2="1"><marc:subfield code="a">British Library</marc:subfield><marc:subfield code="b">OC</marc:subfield><marc:subfield code="j">754.aa.56.</marc:subfield></marc:datafield><marc:datafield tag="886" ind1="2" ind2=" "><marc:subfield code="2">blmarc</marc:subfield><marc:subfield code="a">709</marc:subfield><marc:subfield code="b">00</marc:subfield><marc:subfield code="a">ARNOLD</marc:subfield><marc:subfield code="h">Friedrich August</marc:subfield><marc:subfield code="p">754.aa.56.</marc:subfield><marc:subfield code="x">011447009X</marc:subfield></marc:datafield><marc:datafield tag="886" ind1="2" ind2=" "><marc:subfield code="2">blmarc</marc:subfield><marc:subfield code="a">709</marc:subfield><marc:subfield code="b">00</marc:subfield><marc:subfield code="a">SCHEUERLEIN</marc:subfield><marc:subfield code="h">Fr. Wilhelm A.</marc:subfield><marc:subfield code="p">754.aa.56.</marc:subfield><marc:subfield code="x">2922430006</marc:subfield></marc:datafield></marc:record>