
<marc:record><marc:leader>00904cam a22002293  4500</marc:leader>
<marc:controlfield tag="001">000009720</marc:controlfield>
<marc:controlfield tag="003">Uk</marc:controlfield><marc:controlfield tag="005">20110119132300.0</marc:controlfield><marc:controlfield tag="008">870813|1830|||||||    ||     ||| |||||  </marc:controlfield><marc:datafield tag="040" ind1=" " ind2=" "><marc:subfield code="a">Uk</marc:subfield><marc:subfield code="c">Uk</marc:subfield></marc:datafield><marc:datafield tag="100" ind1="1" ind2=" "><marc:subfield code="a">ABUNDANCE, Jean d'.</marc:subfield></marc:datafield><marc:datafield tag="245" ind1="1" ind2="0"><marc:subfield code="a">Le Testament de Carmentrant a VIII. personnaiges, etc. [A facsimile reprint of the copy in the Bibliothèque Nationale. The editor's note signed: G. V., i.e. Alexandre A. Veinant and - Giraud.] G.L.</marc:subfield></marc:datafield><marc:datafield tag="260" ind1=" " ind2=" "><marc:subfield code="a">Paris,</marc:subfield><marc:subfield code="c">1830.</marc:subfield></marc:datafield><marc:datafield tag="300" ind1=" " ind2=" "><marc:subfield code="c">8º.</marc:subfield></marc:datafield><marc:datafield tag="500" ind1=" " ind2=" "><marc:subfield code="a">One of an edition of 42 copies.</marc:subfield></marc:datafield><marc:datafield tag="700" ind1="0" ind2=" "><marc:subfield code="a">GIRAUD,</marc:subfield><marc:subfield code="c">Bibliographer.</marc:subfield></marc:datafield><marc:datafield tag="700" ind1="1" ind2=" "><marc:subfield code="a">V., G.</marc:subfield></marc:datafield><marc:datafield tag="700" ind1="1" ind2=" "><marc:subfield code="a">VEINANT, Alexandre Auguste.</marc:subfield></marc:datafield><marc:datafield tag="852" ind1="4" ind2="1"><marc:subfield code="a">British Library</marc:subfield><marc:subfield code="b">HMNTS</marc:subfield><marc:subfield code="j">11475.b.1.</marc:subfield></marc:datafield><marc:datafield tag="886" ind1="2" ind2=" "><marc:subfield code="2">blmarc</marc:subfield><marc:subfield code="a">709</marc:subfield><marc:subfield code="b">00</marc:subfield><marc:subfield code="a">GIRAUD</marc:subfield><marc:subfield code="f">Bibliographer</marc:subfield><marc:subfield code="p">11475.b.1.</marc:subfield><marc:subfield code="x">1253490015</marc:subfield></marc:datafield><marc:datafield tag="886" ind1="2" ind2=" "><marc:subfield code="2">blmarc</marc:subfield><marc:subfield code="a">709</marc:subfield><marc:subfield code="b">00</marc:subfield><marc:subfield code="a">V.</marc:subfield><marc:subfield code="h">G.</marc:subfield><marc:subfield code="p">11475.b.1.</marc:subfield><marc:subfield code="x">3354370181</marc:subfield></marc:datafield><marc:datafield tag="886" ind1="2" ind2=" "><marc:subfield code="2">blmarc</marc:subfield><marc:subfield code="a">709</marc:subfield><marc:subfield code="b">00</marc:subfield><marc:subfield code="a">VEINANT</marc:subfield><marc:subfield code="h">Alexandre Auguste</marc:subfield><marc:subfield code="p">11475.b.1.</marc:subfield><marc:subfield code="x">3374830218</marc:subfield></marc:datafield></marc:record>