
<marc:record><marc:leader>00814cam a22001813  4500</marc:leader>
<marc:controlfield tag="001">000009743</marc:controlfield>
<marc:controlfield tag="003">Uk</marc:controlfield><marc:controlfield tag="005">20110119132300.0</marc:controlfield><marc:controlfield tag="008">870813|1899|||||||    ||    |||| |||||  </marc:controlfield><marc:datafield tag="040" ind1=" " ind2=" "><marc:subfield code="a">Uk</marc:subfield><marc:subfield code="c">Uk</marc:subfield></marc:datafield><marc:datafield tag="245" ind1="1" ind2="0"><marc:subfield code="a">Жизнь и рѣчи старца Абу-Са'ида Мейхенейскаго. Персидскій текстъ. [Edited by V. A. Zhukovsky.] Pers.</marc:subfield></marc:datafield><marc:datafield tag="260" ind1=" " ind2=" "><marc:subfield code="a">pp. 6. 84. С.-Петербургъ, 1899.</marc:subfield></marc:datafield><marc:datafield tag="300" ind1=" " ind2=" "><marc:subfield code="a">8º.</marc:subfield></marc:datafield><marc:datafield tag="490" ind1="0" ind2=" "><marc:subfield code="a">[Изданія факультета восточныхъ языковъ С.-Петербургскаго Университета. no. 2.]</marc:subfield></marc:datafield><marc:datafield tag="700" ind1="1" ind2=" "><marc:subfield code="a">ZHUKOVSKY, Valenty Alekseevich.</marc:subfield></marc:datafield><marc:datafield tag="720" ind1=" " ind2=" "><marc:subfield code="a">ABU SA'ĪD IBN ABI AL-KHAIR</marc:subfield><marc:subfield code="e">main entry</marc:subfield></marc:datafield><marc:datafield tag="852" ind1="4" ind2="1"><marc:subfield code="a">British Library</marc:subfield><marc:subfield code="b">OC</marc:subfield><marc:subfield code="j">14005.f.2.</marc:subfield></marc:datafield><marc:datafield tag="886" ind1="2" ind2=" "><marc:subfield code="2">blmarc</marc:subfield><marc:subfield code="a">709</marc:subfield><marc:subfield code="b">00</marc:subfield><marc:subfield code="a">ZHUKOVSKY</marc:subfield><marc:subfield code="h">Valenty Alekseevich</marc:subfield><marc:subfield code="p">14005.f.2.</marc:subfield><marc:subfield code="x">359418028X</marc:subfield></marc:datafield></marc:record>