
<marc:record><marc:leader>00889cam a22002053  4500</marc:leader>
<marc:controlfield tag="001">000009744</marc:controlfield>
<marc:controlfield tag="003">Uk</marc:controlfield><marc:controlfield tag="005">20111222151700.0</marc:controlfield><marc:controlfield tag="008">870813|1895|||||||    ||    |||| ||eng  </marc:controlfield><marc:datafield tag="040" ind1=" " ind2=" "><marc:subfield code="a">Uk</marc:subfield><marc:subfield code="c">Uk</marc:subfield></marc:datafield><marc:datafield tag="245" ind1="1" ind2="4"><marc:subfield code="a">The Churches and Monastries of Egypt and some neighbouring countries. Attributed to Abû Sâlih, the Armenian. Edited and translated by B. T. A. Evetts ... With added notes by A. J. Butler [and a map]. Arab. &amp; Eng.</marc:subfield></marc:datafield><marc:datafield tag="260" ind1=" " ind2=" "><marc:subfield code="a">Oxford,</marc:subfield><marc:subfield code="c">1895.</marc:subfield></marc:datafield><marc:datafield tag="300" ind1=" " ind2=" "><marc:subfield code="a">2 pt. ;</marc:subfield><marc:subfield code="c">4º.</marc:subfield></marc:datafield><marc:datafield tag="490" ind1="0" ind2=" "><marc:subfield code="a">[Anecdota Oxoniensia. Semitic Series. pt. 7.]</marc:subfield></marc:datafield><marc:datafield tag="700" ind1="1" ind2=" "><marc:subfield code="a">BUTLER, Alfred Joshua.</marc:subfield></marc:datafield><marc:datafield tag="700" ind1="1" ind2=" "><marc:subfield code="a">EVETTS, Basil Thomas Alfred.</marc:subfield></marc:datafield><marc:datafield tag="720" ind1=" " ind2=" "><marc:subfield code="a">ABU ṠĀLIḢ, al-Armanī</marc:subfield><marc:subfield code="e">main entry</marc:subfield></marc:datafield><marc:datafield tag="852" ind1="4" ind2="1"><marc:subfield code="a">British Library</marc:subfield><marc:subfield code="b">HMNTS</marc:subfield><marc:subfield code="j">12204.f.11/7.</marc:subfield></marc:datafield><marc:datafield tag="886" ind1="2" ind2=" "><marc:subfield code="2">blmarc</marc:subfield><marc:subfield code="a">709</marc:subfield><marc:subfield code="b">00</marc:subfield><marc:subfield code="a">BUTLER</marc:subfield><marc:subfield code="h">Alfred Joshua</marc:subfield><marc:subfield code="p">12204.f.11/7.</marc:subfield><marc:subfield code="x">0492130264</marc:subfield></marc:datafield><marc:datafield tag="886" ind1="2" ind2=" "><marc:subfield code="2">blmarc</marc:subfield><marc:subfield code="a">709</marc:subfield><marc:subfield code="b">00</marc:subfield><marc:subfield code="a">EVETTS</marc:subfield><marc:subfield code="h">Basil Thomas Alfred</marc:subfield><marc:subfield code="p">12204.f.11/7.</marc:subfield><marc:subfield code="x">1041800193</marc:subfield></marc:datafield></marc:record>