
<marc:record><marc:leader>02182cam a2200397   4500</marc:leader>
<marc:controlfield tag="001">000009780</marc:controlfield>
<marc:controlfield tag="003">Uk</marc:controlfield><marc:controlfield tag="005">20120119113523.0</marc:controlfield><marc:controlfield tag="008">950510s1810    enkacf        000 0deng  </marc:controlfield><marc:datafield tag="040" ind1=" " ind2=" "><marc:subfield code="a">Uk</marc:subfield><marc:subfield code="c">Uk</marc:subfield></marc:datafield><marc:datafield tag="041" ind1=" " ind2=" "><marc:subfield code="a">eng</marc:subfield><marc:subfield code="h">per</marc:subfield></marc:datafield><marc:datafield tag="100" ind1="0" ind2=" "><marc:subfield code="a">Abū Ṭālib Khān,</marc:subfield><marc:subfield code="d">1752-1806?</marc:subfield></marc:datafield><marc:datafield tag="240" ind1="1" ind2="0"><marc:subfield code="a">Masīr-i Ṭālibī.</marc:subfield><marc:subfield code="l">English</marc:subfield></marc:datafield><marc:datafield tag="245" ind1="1" ind2="4"><marc:subfield code="a">The Travels of Mirza Abu Taleb Khan,</marc:subfield><marc:subfield code="b">in Asia, Africa, and Europe, during the years 1799, 1800, 1801, 1802, and 1803.</marc:subfield><marc:subfield code="c">Written by himself, in the Persian language. Translated by Charles Stewart, Esq. M.A.S. Professor of Oriental languages in the Hon. East-India Company's College, Herts.</marc:subfield></marc:datafield><marc:datafield tag="260" ind1=" " ind2=" "><marc:subfield code="a">[London] :</marc:subfield><marc:subfield code="b">printed by R. Watts, Broxbourn, Herts and sold by Longman, Hurst, Rees, and Orme,</marc:subfield><marc:subfield code="c">1810.</marc:subfield></marc:datafield><marc:datafield tag="300" ind1=" " ind2=" "><marc:subfield code="a">2 v. ;</marc:subfield><marc:subfield code="c">22 cm. (8º)</marc:subfield></marc:datafield><marc:datafield tag="500" ind1=" " ind2=" "><marc:subfield code="a">Pagination. Vol. 1: viii, [16], 320 p., [1] leaf of plates. Vol. 2: 418 p.</marc:subfield></marc:datafield><marc:datafield tag="500" ind1=" " ind2=" "><marc:subfield code="a">Unnumbered pages. Vol. 1: sixteen-page table of contents follows p. viii.</marc:subfield></marc:datafield><marc:datafield tag="500" ind1=" " ind2=" "><marc:subfield code="a">Portrait of author facing title page in vol. 1, entitled &quot;Mirza Abu Taleb Khan&quot;. Signed &quot;Painted by J. Northcote R.A.&quot; and &quot;Engraved by W. Bond&quot;. Imprint: &quot;Published May 1st. 1810 by Major Stewart, Hertford.&quot;</marc:subfield></marc:datafield><marc:datafield tag="500" ind1=" " ind2=" "><marc:subfield code="a">Dedication from the translator to Maria Emily Seymour-Conway (1771-1856), Marchioness of Hertford.</marc:subfield></marc:datafield><marc:datafield tag="500" ind1=" " ind2=" "><marc:subfield code="a">Translator's preface states that some passages of the original Persian text have been omitted in the translation.</marc:subfield></marc:datafield><marc:datafield tag="510" ind1="4" ind2=" "><marc:subfield code="a">NSTC,</marc:subfield><marc:subfield code="c">A139</marc:subfield></marc:datafield><marc:datafield tag="651" ind1=" " ind2="0"><marc:subfield code="a">Europe</marc:subfield><marc:subfield code="x">Description and travel.</marc:subfield></marc:datafield><marc:datafield tag="651" ind1=" " ind2="0"><marc:subfield code="a">Europe</marc:subfield><marc:subfield code="x">Social life and customs.</marc:subfield></marc:datafield><marc:datafield tag="651" ind1=" " ind2="0"><marc:subfield code="a">India</marc:subfield><marc:subfield code="x">Description and travel.</marc:subfield></marc:datafield><marc:datafield tag="651" ind1=" " ind2="0"><marc:subfield code="a">India</marc:subfield><marc:subfield code="x">Social life and customs.</marc:subfield></marc:datafield><marc:datafield tag="651" ind1=" " ind2="0"><marc:subfield code="a">Iraq</marc:subfield><marc:subfield code="x">Description and travel.</marc:subfield></marc:datafield><marc:datafield tag="651" ind1=" " ind2="0"><marc:subfield code="a">Iraq</marc:subfield><marc:subfield code="x">Social life and customs.</marc:subfield></marc:datafield><marc:datafield tag="651" ind1=" " ind2="0"><marc:subfield code="a">Turkey</marc:subfield><marc:subfield code="x">Description and travel.</marc:subfield></marc:datafield><marc:datafield tag="651" ind1=" " ind2="0"><marc:subfield code="a">Turkey</marc:subfield><marc:subfield code="x">Social life and customs.</marc:subfield></marc:datafield><marc:datafield tag="700" ind1="1" ind2=" "><marc:subfield code="a">Bond, William,</marc:subfield><marc:subfield code="d">active 1799-1833,</marc:subfield><marc:subfield code="e">engraver.</marc:subfield></marc:datafield><marc:datafield tag="700" ind1="1" ind2=" "><marc:subfield code="a">Hertford, Maria Emily Seymour-Conway,</marc:subfield><marc:subfield code="c">Marchioness of,</marc:subfield><marc:subfield code="d">1771-1856,</marc:subfield><marc:subfield code="e">dedicatee.</marc:subfield></marc:datafield><marc:datafield tag="700" ind1="1" ind2=" "><marc:subfield code="a">Northcote, James,</marc:subfield><marc:subfield code="d">1746-1831,</marc:subfield><marc:subfield code="e">arist.</marc:subfield></marc:datafield><marc:datafield tag="700" ind1="1" ind2=" "><marc:subfield code="a">Stewart, Charles,</marc:subfield><marc:subfield code="d">1764-1837.</marc:subfield></marc:datafield><marc:datafield tag="710" ind1="2" ind2=" "><marc:subfield code="a">Longman, Hurst, Rees, and Orme,</marc:subfield><marc:subfield code="e">publisher.</marc:subfield></marc:datafield><marc:datafield tag="852" ind1="4" ind2="1"><marc:subfield code="a">British Library</marc:subfield><marc:subfield code="b">HMNTS</marc:subfield><marc:subfield code="j">303.k.21-22.</marc:subfield></marc:datafield></marc:record>