
<marc:record><marc:leader>00981cam a22001933  4500</marc:leader>
<marc:controlfield tag="001">000009781</marc:controlfield>
<marc:controlfield tag="003">Uk</marc:controlfield><marc:controlfield tag="005">20130708175200.0</marc:controlfield><marc:controlfield tag="008">950510|1814||||enk    ||    |||| |||||  </marc:controlfield><marc:datafield tag="040" ind1=" " ind2=" "><marc:subfield code="a">Uk</marc:subfield><marc:subfield code="c">Uk</marc:subfield></marc:datafield><marc:datafield tag="245" ind1="1" ind2="5"><marc:subfield code="a">[The Travels of Mirza Abu Taleb Khan in Asia, Africa and Europe, during the years 1799, 1800, 1801, 1802, and 1803 ... Translated by Charles Stewart.]</marc:subfield></marc:datafield><marc:datafield tag="250" ind1=" " ind2=" "><marc:subfield code="a">Second edition.</marc:subfield></marc:datafield><marc:datafield tag="260" ind1=" " ind2=" "><marc:subfield code="a">London :</marc:subfield><marc:subfield code="b">Longman,</marc:subfield><marc:subfield code="c">1814.</marc:subfield></marc:datafield><marc:datafield tag="300" ind1=" " ind2=" "><marc:subfield code="a">3 vol. ;</marc:subfield><marc:subfield code="c">12º.</marc:subfield></marc:datafield><marc:datafield tag="700" ind1="1" ind2=" "><marc:subfield code="a">Stewart, Charles,</marc:subfield><marc:subfield code="d">1764-1837.</marc:subfield></marc:datafield><marc:datafield tag="720" ind1=" " ind2=" "><marc:subfield code="a">ABU ṪĀLIB IBN MUḢAMMAD KHĀN, Iṡfahānī</marc:subfield><marc:subfield code="e">main entry</marc:subfield></marc:datafield><marc:datafield tag="787" ind1="0" ind2=" "><marc:subfield code="t">The Travels of Mirza Abu Taleb Khan in Asia, Africa and Europe, during the years 1799, 1800, 1801, 1802, and 1803 ... Translated by Charles Stewart.</marc:subfield><marc:subfield code="d">2 vol. Longman: London, 1810. 8º.</marc:subfield><marc:subfield code="w">(Uk)MP1.0000010851</marc:subfield></marc:datafield><marc:datafield tag="852" ind1="4" ind2="1"><marc:subfield code="a">British Library</marc:subfield><marc:subfield code="b">OC</marc:subfield><marc:subfield code="j">14773.b.13.</marc:subfield></marc:datafield><marc:datafield tag="886" ind1="2" ind2=" "><marc:subfield code="2">blmarc</marc:subfield><marc:subfield code="a">709</marc:subfield><marc:subfield code="b">00</marc:subfield><marc:subfield code="a">STEWART</marc:subfield><marc:subfield code="h">Charles</marc:subfield><marc:subfield code="f">Professor of Oriental Languages at Haileybury College</marc:subfield><marc:subfield code="p">14773.b.13.</marc:subfield><marc:subfield code="p">303.k.21,22.</marc:subfield><marc:subfield code="x">3133410067</marc:subfield></marc:datafield></marc:record>