
<marc:record><marc:leader>01057cam a22002173  4500</marc:leader>
<marc:controlfield tag="001">000009782</marc:controlfield>
<marc:controlfield tag="003">Uk</marc:controlfield><marc:controlfield tag="005">20111222151700.0</marc:controlfield><marc:controlfield tag="008">870813|1811|||||||    ||    |||| |||||  </marc:controlfield><marc:datafield tag="040" ind1=" " ind2=" "><marc:subfield code="a">Uk</marc:subfield><marc:subfield code="c">Uk</marc:subfield></marc:datafield><marc:datafield tag="245" ind1="1" ind2="0"><marc:subfield code="a">Voyages de Mirza Abu Taleb Khan ... Suivis d'une réfutation des idées qu'on a en Europe sur la liberté des femmes d'Asie; par le même auteur. Le tout traduit du persan en anglais, par C. Stewart ... et ... de l'anglais en français par M. J. C. J. [i.e. Hendrik Jansen.]</marc:subfield></marc:datafield><marc:datafield tag="260" ind1=" " ind2=" "><marc:subfield code="a">Paris,</marc:subfield><marc:subfield code="c">1811.</marc:subfield></marc:datafield><marc:datafield tag="300" ind1=" " ind2=" "><marc:subfield code="a">2 tom. ;</marc:subfield><marc:subfield code="c">8º.</marc:subfield></marc:datafield><marc:datafield tag="700" ind1="1" ind2=" "><marc:subfield code="a">J., J. C.,</marc:subfield><marc:subfield code="c">M.</marc:subfield></marc:datafield><marc:datafield tag="700" ind1="1" ind2=" "><marc:subfield code="a">JANSEN, Hendrik,</marc:subfield><marc:subfield code="c">Translator.</marc:subfield></marc:datafield><marc:datafield tag="700" ind1="1" ind2=" "><marc:subfield code="a">Stewart, Charles,</marc:subfield><marc:subfield code="d">1764-1837.</marc:subfield></marc:datafield><marc:datafield tag="720" ind1=" " ind2=" "><marc:subfield code="a">ABU ṪĀLIB IBN MUḢAMMAD KHĀN, Iṡfahānī</marc:subfield><marc:subfield code="e">main entry</marc:subfield></marc:datafield><marc:datafield tag="852" ind1="4" ind2="1"><marc:subfield code="a">British Library</marc:subfield><marc:subfield code="b">OC</marc:subfield><marc:subfield code="j">757.c.34.</marc:subfield></marc:datafield><marc:datafield tag="886" ind1="2" ind2=" "><marc:subfield code="2">blmarc</marc:subfield><marc:subfield code="a">709</marc:subfield><marc:subfield code="b">00</marc:subfield><marc:subfield code="a">J.</marc:subfield><marc:subfield code="h">J. C.</marc:subfield><marc:subfield code="f">M.</marc:subfield><marc:subfield code="p">757.c.34.</marc:subfield><marc:subfield code="x">1620060183</marc:subfield></marc:datafield><marc:datafield tag="886" ind1="2" ind2=" "><marc:subfield code="2">blmarc</marc:subfield><marc:subfield code="a">709</marc:subfield><marc:subfield code="b">00</marc:subfield><marc:subfield code="a">JANSEN</marc:subfield><marc:subfield code="h">Hendrik</marc:subfield><marc:subfield code="f">Translator</marc:subfield><marc:subfield code="p">757.c.34.</marc:subfield><marc:subfield code="x">1633720225</marc:subfield></marc:datafield><marc:datafield tag="886" ind1="2" ind2=" "><marc:subfield code="2">blmarc</marc:subfield><marc:subfield code="a">709</marc:subfield><marc:subfield code="b">00</marc:subfield><marc:subfield code="a">STEWART</marc:subfield><marc:subfield code="h">Charles</marc:subfield><marc:subfield code="f">Professor of Oriental Languages at Haileybury College</marc:subfield><marc:subfield code="p">757.c.34.</marc:subfield><marc:subfield code="x">3133410075</marc:subfield></marc:datafield></marc:record>