
<marc:record><marc:leader>01037cam a22002173  4500</marc:leader>
<marc:controlfield tag="001">000009792</marc:controlfield>
<marc:controlfield tag="003">Uk</marc:controlfield><marc:controlfield tag="005">20120203162600.0</marc:controlfield><marc:controlfield tag="008">870813|1892|||||||    ||    |||| ||eng  </marc:controlfield><marc:datafield tag="040" ind1=" " ind2=" "><marc:subfield code="a">Uk</marc:subfield><marc:subfield code="c">Uk</marc:subfield></marc:datafield><marc:datafield tag="245" ind1="1" ind2="4"><marc:subfield code="a">The celebrated Romance of the Stealing of the Mare. [An episode from the Romance of Abu Zaid popularly attributed to Abu 'Ubaidah.] Translated from the original Arabic by Lady Anne Blunt. Done into verse by W. S. Blunt.</marc:subfield></marc:datafield><marc:datafield tag="260" ind1=" " ind2=" "><marc:subfield code="a">London :</marc:subfield><marc:subfield code="b">Reeves &amp; Turner,</marc:subfield><marc:subfield code="c">1892.</marc:subfield></marc:datafield><marc:datafield tag="300" ind1=" " ind2=" "><marc:subfield code="a">xi, 127 p. ;</marc:subfield><marc:subfield code="c">4º.</marc:subfield></marc:datafield><marc:datafield tag="700" ind1="1" ind2=" "><marc:subfield code="a">BLUNT, Anne Isabella Noel,</marc:subfield><marc:subfield code="c">Baroness Wentworth.</marc:subfield></marc:datafield><marc:datafield tag="700" ind1="1" ind2=" "><marc:subfield code="a">Blunt, Wilfrid Scawen,</marc:subfield><marc:subfield code="d">1840-1922</marc:subfield></marc:datafield><marc:datafield tag="700" ind1="1" ind2=" "><marc:subfield code="a">MA'MAR IBN AL-MUTHANNA, Abu 'Ubaidah.</marc:subfield></marc:datafield><marc:datafield tag="720" ind1=" " ind2=" "><marc:subfield code="a">ABU ZAID, al-Hilālī</marc:subfield><marc:subfield code="e">main entry</marc:subfield></marc:datafield><marc:datafield tag="852" ind1="4" ind2="1"><marc:subfield code="a">British Library</marc:subfield><marc:subfield code="b">OC</marc:subfield><marc:subfield code="j">14570.b.34.</marc:subfield></marc:datafield><marc:datafield tag="886" ind1="2" ind2=" "><marc:subfield code="2">blmarc</marc:subfield><marc:subfield code="a">709</marc:subfield><marc:subfield code="b">00</marc:subfield><marc:subfield code="a">BLUNT</marc:subfield><marc:subfield code="h">Anne Isabella Noel</marc:subfield><marc:subfield code="f">Baroness Wentworth</marc:subfield><marc:subfield code="p">14570.b.34.</marc:subfield><marc:subfield code="x">035108035X</marc:subfield></marc:datafield><marc:datafield tag="886" ind1="2" ind2=" "><marc:subfield code="2">blmarc</marc:subfield><marc:subfield code="a">709</marc:subfield><marc:subfield code="b">00</marc:subfield><marc:subfield code="a">BLUNT</marc:subfield><marc:subfield code="h">Wilfrid Scawen</marc:subfield><marc:subfield code="p">14570.b.34.</marc:subfield><marc:subfield code="x">0351210156</marc:subfield></marc:datafield><marc:datafield tag="886" ind1="2" ind2=" "><marc:subfield code="2">blmarc</marc:subfield><marc:subfield code="a">709</marc:subfield><marc:subfield code="b">00</marc:subfield><marc:subfield code="a">MA'MAR IBN AL-MUTHANNA</marc:subfield><marc:subfield code="h">Abu 'Ubaidah</marc:subfield><marc:subfield code="p">14570.b.34.</marc:subfield><marc:subfield code="x">2092320092</marc:subfield></marc:datafield></marc:record>