
<marc:record><marc:leader>01296cam a22002533  4500</marc:leader>
<marc:controlfield tag="001">000009829</marc:controlfield>
<marc:controlfield tag="003">Uk</marc:controlfield><marc:controlfield tag="005">20130504005300.0</marc:controlfield><marc:controlfield tag="008">870813|1836|||||||    ||    |||| |||||  </marc:controlfield><marc:datafield tag="040" ind1=" " ind2=" "><marc:subfield code="a">Uk</marc:subfield><marc:subfield code="c">Uk</marc:subfield></marc:datafield><marc:datafield tag="245" ind1="1" ind2="0"><marc:subfield code="a">Correspondence between Academicus [i.e. William P. Alison] and Consiliarius, on the comparative merits of Phrenology, and the Mental Philosophy of Reid and Stewart. [With a reply to Academicus by G. Combe.] From the Phrenological Journal, etc.</marc:subfield></marc:datafield><marc:datafield tag="260" ind1=" " ind2=" "><marc:subfield code="a">Edinburgh :</marc:subfield><marc:subfield code="b">Neill &amp; Co.,</marc:subfield><marc:subfield code="c">1836.</marc:subfield></marc:datafield><marc:datafield tag="300" ind1=" " ind2=" "><marc:subfield code="a">37 p. ;</marc:subfield><marc:subfield code="c">8º.</marc:subfield></marc:datafield><marc:datafield tag="700" ind1="1" ind2=" "><marc:subfield code="a">ALISON, William Pulteney.</marc:subfield></marc:datafield><marc:datafield tag="700" ind1="1" ind2=" "><marc:subfield code="a">COMBE, George</marc:subfield><marc:subfield code="c">(Phrenologist)</marc:subfield></marc:datafield><marc:datafield tag="700" ind1="1" ind2=" "><marc:subfield code="a">Reid, Thomas,</marc:subfield><marc:subfield code="d">1710-1796</marc:subfield></marc:datafield><marc:datafield tag="700" ind1="1" ind2=" "><marc:subfield code="a">Stewart, Dugald,</marc:subfield><marc:subfield code="d">1753-1828</marc:subfield></marc:datafield><marc:datafield tag="720" ind1=" " ind2=" "><marc:subfield code="a">ACADEMICUS</marc:subfield><marc:subfield code="e">main entry</marc:subfield></marc:datafield><marc:datafield tag="852" ind1="4" ind2="1"><marc:subfield code="a">British Library</marc:subfield><marc:subfield code="b">HMNTS</marc:subfield><marc:subfield code="j">10855.cc.5.(2.)</marc:subfield></marc:datafield><marc:datafield tag="852" ind1="4" ind2="1"><marc:subfield code="a">British Library</marc:subfield><marc:subfield code="b">HMNTS</marc:subfield><marc:subfield code="j">08368.cc.43.(17.)</marc:subfield><marc:subfield code="3">[Another copy.] Correspondence between Academicus and Consiliarius, etc. Edinburgh, 1836. 8º.</marc:subfield></marc:datafield><marc:datafield tag="886" ind1="2" ind2=" "><marc:subfield code="2">blmarc</marc:subfield><marc:subfield code="a">709</marc:subfield><marc:subfield code="b">00</marc:subfield><marc:subfield code="a">ALISON</marc:subfield><marc:subfield code="h">William Pulteney</marc:subfield><marc:subfield code="p">08368.cc.43.(17.)</marc:subfield><marc:subfield code="x">0053230280</marc:subfield><marc:subfield code="p">10855.cc.5.(2.)</marc:subfield><marc:subfield code="x">0053230280</marc:subfield></marc:datafield><marc:datafield tag="886" ind1="2" ind2=" "><marc:subfield code="2">blmarc</marc:subfield><marc:subfield code="a">709</marc:subfield><marc:subfield code="b">00</marc:subfield><marc:subfield code="a">COMBE</marc:subfield><marc:subfield code="h">George</marc:subfield><marc:subfield code="f">Phrenologist</marc:subfield><marc:subfield code="p">10855.cc.5.(2.)</marc:subfield><marc:subfield code="x">0670520217</marc:subfield></marc:datafield><marc:datafield tag="886" ind1="2" ind2=" "><marc:subfield code="2">blmarc</marc:subfield><marc:subfield code="a">709</marc:subfield><marc:subfield code="b">00</marc:subfield><marc:subfield code="a">REID</marc:subfield><marc:subfield code="h">Thomas</marc:subfield><marc:subfield code="f">D.D.</marc:subfield><marc:subfield code="p">10855.cc.5.(2.)</marc:subfield><marc:subfield code="x">2724490177</marc:subfield></marc:datafield><marc:datafield tag="886" ind1="2" ind2=" "><marc:subfield code="2">blmarc</marc:subfield><marc:subfield code="a">709</marc:subfield><marc:subfield code="b">00</marc:subfield><marc:subfield code="a">STEWART</marc:subfield><marc:subfield code="h">Dugald</marc:subfield><marc:subfield code="p">10855.cc.5.(2.)</marc:subfield><marc:subfield code="x">3133510231</marc:subfield></marc:datafield></marc:record>