
<marc:record><marc:leader>00587cam a22001693  4500</marc:leader>
<marc:controlfield tag="001">000009833</marc:controlfield>
<marc:controlfield tag="003">Uk</marc:controlfield><marc:controlfield tag="005">20110119132300.0</marc:controlfield><marc:controlfield tag="008">870813|1852|||||||    ||    |||| |||||  </marc:controlfield><marc:datafield tag="040" ind1=" " ind2=" "><marc:subfield code="a">Uk</marc:subfield><marc:subfield code="c">Uk</marc:subfield></marc:datafield><marc:datafield tag="245" ind1="1" ind2="2"><marc:subfield code="a">A Plea for the Triumvirate of Esquire Bedells. Addressed to members of the Senate. [Signed: Academicus, i.e. William Nind.]</marc:subfield></marc:datafield><marc:datafield tag="260" ind1=" " ind2=" "><marc:subfield code="a">Cambridge :</marc:subfield><marc:subfield code="b">Metcalfe &amp; Palmer,</marc:subfield><marc:subfield code="c">1852.</marc:subfield></marc:datafield><marc:datafield tag="300" ind1=" " ind2=" "><marc:subfield code="a">15 p. ;</marc:subfield><marc:subfield code="c">8º.</marc:subfield></marc:datafield><marc:datafield tag="700" ind1="1" ind2=" "><marc:subfield code="a">NIND, William.</marc:subfield></marc:datafield><marc:datafield tag="720" ind1=" " ind2=" "><marc:subfield code="a">ACADEMICUS</marc:subfield><marc:subfield code="e">main entry</marc:subfield></marc:datafield><marc:datafield tag="852" ind1="4" ind2="1"><marc:subfield code="a">British Library</marc:subfield><marc:subfield code="b">HMNTS</marc:subfield><marc:subfield code="j">8369.tt.37.</marc:subfield></marc:datafield><marc:datafield tag="886" ind1="2" ind2=" "><marc:subfield code="2">blmarc</marc:subfield><marc:subfield code="a">709</marc:subfield><marc:subfield code="b">00</marc:subfield><marc:subfield code="a">NIND</marc:subfield><marc:subfield code="h">William</marc:subfield><marc:subfield code="p">8369.tt.37.</marc:subfield><marc:subfield code="x">2372170023</marc:subfield></marc:datafield></marc:record>