
<marc:record><marc:leader>01061cam a22001693  4500</marc:leader>
<marc:controlfield tag="001">000009838</marc:controlfield>
<marc:controlfield tag="003">Uk</marc:controlfield><marc:controlfield tag="005">20130615210700.0</marc:controlfield><marc:controlfield tag="008">870813|1802|||||||    ||    |||| |||||  </marc:controlfield><marc:datafield tag="040" ind1=" " ind2=" "><marc:subfield code="a">Uk</marc:subfield><marc:subfield code="c">Uk</marc:subfield></marc:datafield><marc:datafield tag="245" ind1="1" ind2="0"><marc:subfield code="a">Remarks on a pamphlet by T. Kipling, D.D., Dean of Peterborough, entitled “The Articles of the Church of England proved not to be Calvinistic.” By Academicus.</marc:subfield></marc:datafield><marc:datafield tag="260" ind1=" " ind2=" "><marc:subfield code="a">Cambridge :</marc:subfield><marc:subfield code="b">University Press,</marc:subfield><marc:subfield code="c">1802.</marc:subfield></marc:datafield><marc:datafield tag="300" ind1=" " ind2=" "><marc:subfield code="a">32 p. ;</marc:subfield><marc:subfield code="c">8º.</marc:subfield></marc:datafield><marc:datafield tag="700" ind1="1" ind2=" "><marc:subfield code="a">Kipling, Thomas,</marc:subfield><marc:subfield code="d">-1822.</marc:subfield><marc:subfield code="t">An appendix to the second edition of a treatise, intitled &quot;The Articles of the Church of England proved not to be Calvinistic;&quot; being a reply to the Christian Observer's remarks on this treatise.</marc:subfield></marc:datafield><marc:datafield tag="720" ind1=" " ind2=" "><marc:subfield code="a">ACADEMICUS</marc:subfield><marc:subfield code="e">main entry</marc:subfield></marc:datafield><marc:datafield tag="852" ind1="4" ind2="1"><marc:subfield code="a">British Library</marc:subfield><marc:subfield code="b">HMNTS</marc:subfield><marc:subfield code="j">1117.i.5.(2.)</marc:subfield></marc:datafield><marc:datafield tag="886" ind1="2" ind2=" "><marc:subfield code="2">blmarc</marc:subfield><marc:subfield code="a">709</marc:subfield><marc:subfield code="b">00</marc:subfield><marc:subfield code="a">KIPLING</marc:subfield><marc:subfield code="h">Thomas</marc:subfield><marc:subfield code="f">Dean of Peterborough</marc:subfield><marc:subfield code="t">An appendix to the second edition of a treatise, intitled “The Articles of the Church of England proved not to be Calvinistic;” being a reply to the Christian Observer's remarks on this treatise.</marc:subfield><marc:subfield code="p">1117.i.5.(2.)</marc:subfield><marc:subfield code="x">1750560054</marc:subfield></marc:datafield></marc:record>