
<marc:record><marc:leader>00763cam a22001933  4500</marc:leader>
<marc:controlfield tag="001">000009857</marc:controlfield>
<marc:controlfield tag="003">Uk</marc:controlfield><marc:controlfield tag="005">20111222151700.0</marc:controlfield><marc:controlfield tag="008">870813|1805|||||||    ||    |||| |||||  </marc:controlfield><marc:datafield tag="040" ind1=" " ind2=" "><marc:subfield code="a">Uk</marc:subfield><marc:subfield code="c">Uk</marc:subfield></marc:datafield><marc:datafield tag="245" ind1="1" ind2="0"><marc:subfield code="a">[Academie universelle des Jeux, contenant les règles des Jeux, etc. [By the Abbé Bellecour].]</marc:subfield></marc:datafield><marc:datafield tag="250" ind1=" " ind2=" "><marc:subfield code="a">Nouvelle édition, etc.</marc:subfield></marc:datafield><marc:datafield tag="260" ind1=" " ind2=" "><marc:subfield code="a">Lyon,</marc:subfield><marc:subfield code="c">1805.</marc:subfield></marc:datafield><marc:datafield tag="300" ind1=" " ind2=" "><marc:subfield code="a">3 tom. ;</marc:subfield><marc:subfield code="c">12º.</marc:subfield></marc:datafield><marc:datafield tag="700" ind1="1" ind2=" "><marc:subfield code="a">HOYLE, Edmond.</marc:subfield></marc:datafield><marc:datafield tag="720" ind1=" " ind2=" "><marc:subfield code="a">ACADÉMIE</marc:subfield><marc:subfield code="e">main entry</marc:subfield></marc:datafield><marc:datafield tag="787" ind1="0" ind2=" "><marc:subfield code="t">Academie universelle des Jeux, contenant les règles des Jeux, etc. [By the Abbé Bellecour].</marc:subfield><marc:subfield code="d">3 pt. Paris, 1725, 24. 8º.</marc:subfield><marc:subfield code="w">(Uk)MP1.0000011352</marc:subfield></marc:datafield><marc:datafield tag="852" ind1="4" ind2="1"><marc:subfield code="a">British Library</marc:subfield><marc:subfield code="b">HMNTS</marc:subfield><marc:subfield code="j">7913.bb.23.</marc:subfield></marc:datafield><marc:datafield tag="886" ind1="2" ind2=" "><marc:subfield code="2">blmarc</marc:subfield><marc:subfield code="a">709</marc:subfield><marc:subfield code="b">00</marc:subfield><marc:subfield code="a">HOYLE</marc:subfield><marc:subfield code="h">Edmond</marc:subfield><marc:subfield code="p">785.d.6-8.</marc:subfield><marc:subfield code="x">1541130057</marc:subfield><marc:subfield code="p">7913.bb.23.</marc:subfield><marc:subfield code="x">1541130057</marc:subfield></marc:datafield></marc:record>