
<marc:record><marc:leader>00721cam a22001933  4500</marc:leader>
<marc:controlfield tag="001">000009861</marc:controlfield>
<marc:controlfield tag="003">Uk</marc:controlfield><marc:controlfield tag="005">20110311165800.0</marc:controlfield><marc:controlfield tag="008">870813|1821|||||||    ||    |||| |||||  </marc:controlfield><marc:datafield tag="040" ind1=" " ind2=" "><marc:subfield code="a">Uk</marc:subfield><marc:subfield code="c">Uk</marc:subfield></marc:datafield><marc:datafield tag="245" ind1="1" ind2="0"><marc:subfield code="a">Trattato sul giuoco del bigliardo ... Estratto dalla seconda edizione di Parigi dell'opera intitolata: Nouvelle académie des jeux, ou régles ec., ec. [by C. Bouvard] da L.M.F. .</marc:subfield></marc:datafield><marc:datafield tag="260" ind1=" " ind2=" "><marc:subfield code="a">Napoli,</marc:subfield><marc:subfield code="c">1821.</marc:subfield></marc:datafield><marc:datafield tag="300" ind1=" " ind2=" "><marc:subfield code="a">64 p. ;</marc:subfield><marc:subfield code="c">8º.</marc:subfield></marc:datafield><marc:datafield tag="700" ind1="1" ind2=" "><marc:subfield code="a">B...., C.,</marc:subfield><marc:subfield code="c">Amateur.</marc:subfield></marc:datafield><marc:datafield tag="720" ind1=" " ind2=" "><marc:subfield code="a">ACADÉMIE</marc:subfield><marc:subfield code="e">main entry</marc:subfield></marc:datafield><marc:datafield tag="720" ind1=" " ind2=" "><marc:subfield code="a">TRATTATO</marc:subfield></marc:datafield><marc:datafield tag="852" ind1="4" ind2="1"><marc:subfield code="a">British Library</marc:subfield><marc:subfield code="b">HMNTS</marc:subfield><marc:subfield code="j">7915.b.37.</marc:subfield></marc:datafield><marc:datafield tag="886" ind1="2" ind2=" "><marc:subfield code="2">blmarc</marc:subfield><marc:subfield code="a">709</marc:subfield><marc:subfield code="b">00</marc:subfield><marc:subfield code="a">B....</marc:subfield><marc:subfield code="h">C.</marc:subfield><marc:subfield code="f">Amateur</marc:subfield><marc:subfield code="p">7915.b.37.</marc:subfield><marc:subfield code="x">0151860106</marc:subfield></marc:datafield><marc:datafield tag="886" ind1="2" ind2=" "><marc:subfield code="2">blmarc</marc:subfield><marc:subfield code="a">709</marc:subfield><marc:subfield code="b">00</marc:subfield><marc:subfield code="a">TRATTATO</marc:subfield><marc:subfield code="p">7915.b.37.</marc:subfield><marc:subfield code="x">3284570268</marc:subfield></marc:datafield></marc:record>