
<marc:record><marc:leader>00893cam a22002293  4500</marc:leader>
<marc:controlfield tag="001">000009972</marc:controlfield>
<marc:controlfield tag="003">Uk</marc:controlfield><marc:controlfield tag="005">20130214180800.0</marc:controlfield><marc:controlfield tag="008">870813|1801|||||||    ||     ||| |||||  </marc:controlfield><marc:datafield tag="040" ind1=" " ind2=" "><marc:subfield code="a">Uk</marc:subfield><marc:subfield code="c">Uk</marc:subfield></marc:datafield><marc:datafield tag="100" ind1="1" ind2=" "><marc:subfield code="a">ACCARIAS DE SÉRIONNE, Jacques.</marc:subfield></marc:datafield><marc:datafield tag="240" ind1="1" ind2="0"><marc:subfield code="a">[La richesse de la Hollande.]</marc:subfield></marc:datafield><marc:datafield tag="245" ind1="1" ind2="0"><marc:subfield code="a">Hollandsch rijkdom, of Tafereel van Neerlandsch koophandel en zeevaart ... Uit het Fransch [of Jacques Accarias de Sérionne] vertaald ... door ... Elias Luzac ... Tweede uitgave.</marc:subfield></marc:datafield><marc:datafield tag="260" ind1=" " ind2=" "><marc:subfield code="a">Leyden :</marc:subfield><marc:subfield code="b">M. Cyfveer,</marc:subfield><marc:subfield code="c">1801.</marc:subfield></marc:datafield><marc:datafield tag="300" ind1=" " ind2=" "><marc:subfield code="a">4 dl. :</marc:subfield><marc:subfield code="b">plate ;</marc:subfield><marc:subfield code="c">8º.</marc:subfield></marc:datafield><marc:datafield tag="700" ind1="1" ind2=" "><marc:subfield code="a">LUZAC, Elias.</marc:subfield></marc:datafield><marc:datafield tag="720" ind1=" " ind2=" "><marc:subfield code="a">HOLLANDS RIJKDOM</marc:subfield></marc:datafield><marc:datafield tag="720" ind1=" " ind2=" "><marc:subfield code="a">RICHESSE</marc:subfield></marc:datafield><marc:datafield tag="852" ind1="4" ind2="1"><marc:subfield code="a">British Library</marc:subfield><marc:subfield code="b">HMNTS</marc:subfield><marc:subfield code="j">8247.c.24.</marc:subfield></marc:datafield><marc:datafield tag="886" ind1="2" ind2=" "><marc:subfield code="2">blmarc</marc:subfield><marc:subfield code="a">709</marc:subfield><marc:subfield code="b">00</marc:subfield><marc:subfield code="a">HOLLANDS RIJKDOM</marc:subfield><marc:subfield code="p">8247.c.24.</marc:subfield><marc:subfield code="x">1510210318</marc:subfield></marc:datafield><marc:datafield tag="886" ind1="2" ind2=" "><marc:subfield code="2">blmarc</marc:subfield><marc:subfield code="a">709</marc:subfield><marc:subfield code="b">00</marc:subfield><marc:subfield code="a">LUZAC</marc:subfield><marc:subfield code="h">Elias</marc:subfield><marc:subfield code="p">8247.c.24.</marc:subfield><marc:subfield code="x">2032840170</marc:subfield></marc:datafield><marc:datafield tag="886" ind1="2" ind2=" "><marc:subfield code="2">blmarc</marc:subfield><marc:subfield code="a">709</marc:subfield><marc:subfield code="b">00</marc:subfield><marc:subfield code="a">RICHESSE</marc:subfield><marc:subfield code="p">8247.c.24.</marc:subfield><marc:subfield code="x">275349004X</marc:subfield></marc:datafield></marc:record>