
<marc:record><marc:leader>00837cam a22001573  4500</marc:leader>
<marc:controlfield tag="001">000010023</marc:controlfield>
<marc:controlfield tag="003">Uk</marc:controlfield><marc:controlfield tag="005">20110119132400.0</marc:controlfield><marc:controlfield tag="008">870813|1813|||||||    ||     ||| |||||  </marc:controlfield><marc:datafield tag="040" ind1=" " ind2=" "><marc:subfield code="a">Uk</marc:subfield><marc:subfield code="c">Uk</marc:subfield></marc:datafield><marc:datafield tag="100" ind1="1" ind2=" "><marc:subfield code="a">ACCIAIUOLI, Donato,</marc:subfield><marc:subfield code="c">Gonfalonier of Florence in 1391.</marc:subfield></marc:datafield><marc:datafield tag="245" ind1="1" ind2="0"><marc:subfield code="a">Lettera di Donato Acciaioli a Franco Sacchetti. [In reply to a letter entitled: “Lettera mandata da F. Saccheti Luglio essendo il detto messer D. gonfaloniere di giustizia nella città di Firenze, e durante la guerra tra 'l Conte di Virtu e Fiorentini,” and which congratulates him on his efforts to bring about a peace. [With the letter of Sacchetti.] On vellum.</marc:subfield></marc:datafield><marc:datafield tag="260" ind1=" " ind2=" "><marc:subfield code="a">Firenze,</marc:subfield><marc:subfield code="c">1813.</marc:subfield></marc:datafield><marc:datafield tag="300" ind1=" " ind2=" "><marc:subfield code="c">4º.</marc:subfield></marc:datafield><marc:datafield tag="500" ind1=" " ind2=" "><marc:subfield code="a">Privately printed. One of an edition of 18 copies, this being the only copy printed on vellum.</marc:subfield></marc:datafield><marc:datafield tag="852" ind1="4" ind2="1"><marc:subfield code="a">British Library</marc:subfield><marc:subfield code="b">HMNTS</marc:subfield><marc:subfield code="j">C.41.d.3.</marc:subfield></marc:datafield></marc:record>