
<marc:record><marc:leader>00886cam a22002053  4500</marc:leader>
<marc:controlfield tag="001">000010034</marc:controlfield>
<marc:controlfield tag="003">Uk</marc:controlfield><marc:controlfield tag="005">20120224170000.0</marc:controlfield><marc:controlfield tag="008">870813|1853|||||||    ||     ||| |||||  </marc:controlfield><marc:datafield tag="040" ind1=" " ind2=" "><marc:subfield code="a">Uk</marc:subfield><marc:subfield code="c">Uk</marc:subfield></marc:datafield><marc:datafield tag="100" ind1="1" ind2=" "><marc:subfield code="a">ACCIAIUOLI, Vincenzio.</marc:subfield></marc:datafield><marc:datafield tag="245" ind1="1" ind2="0"><marc:subfield code="a">Vita di Piero Capponi, illustrata con note e documenti per cura di G. Aiazzi.</marc:subfield></marc:datafield><marc:datafield tag="260" ind1=" " ind2=" "><marc:subfield code="c">1853.</marc:subfield></marc:datafield><marc:datafield tag="580" ind1=" " ind2=" "><marc:subfield code="a">In : Italian Archives. Archivio storico Italiano, etc. tom. 4. pt. 2. 1842, etc. 8º.</marc:subfield></marc:datafield><marc:datafield tag="700" ind1="1" ind2=" "><marc:subfield code="a">AIAZZI, Giuseppe.</marc:subfield></marc:datafield><marc:datafield tag="700" ind1="1" ind2=" "><marc:subfield code="a">CAPPONI, Pietro.</marc:subfield></marc:datafield><marc:datafield tag="775" ind1="0" ind2=" "><marc:subfield code="t">[Vita di Piero Capponi, illustrata con note e documenti per cura di G. Aiazzi.]</marc:subfield><marc:subfield code="n">In G., C. Vite di Uomini d'Arme, etc. 1866. 16º.</marc:subfield><marc:subfield code="w">(Uk)MP1.0000011774.1</marc:subfield></marc:datafield><marc:datafield tag="852" ind1="4" ind2="1"><marc:subfield code="a">British Library</marc:subfield><marc:subfield code="b">HMNTS</marc:subfield><marc:subfield code="j">P.P.3557.a.</marc:subfield></marc:datafield><marc:datafield tag="886" ind1="2" ind2=" "><marc:subfield code="2">blmarc</marc:subfield><marc:subfield code="a">709</marc:subfield><marc:subfield code="b">00</marc:subfield><marc:subfield code="a">AIAZZI</marc:subfield><marc:subfield code="h">Giuseppe</marc:subfield><marc:subfield code="p">P.P.3557.a.</marc:subfield><marc:subfield code="x">0034720278</marc:subfield></marc:datafield><marc:datafield tag="886" ind1="2" ind2=" "><marc:subfield code="2">blmarc</marc:subfield><marc:subfield code="a">709</marc:subfield><marc:subfield code="b">00</marc:subfield><marc:subfield code="a">CAPPONI</marc:subfield><marc:subfield code="h">Pietro</marc:subfield><marc:subfield code="p">P.P.3557.a.</marc:subfield><marc:subfield code="x">0532940032</marc:subfield><marc:subfield code="p">10631.a.5.</marc:subfield><marc:subfield code="x">0532940032</marc:subfield></marc:datafield></marc:record>