
<marc:record><marc:leader>00680cam a22001693  4500</marc:leader>
<marc:controlfield tag="001">000010051</marc:controlfield>
<marc:controlfield tag="003">Uk</marc:controlfield><marc:controlfield tag="005">20110119132400.0</marc:controlfield><marc:controlfield tag="008">870813|1861|||||||    ||    |||| |||||  </marc:controlfield><marc:datafield tag="040" ind1=" " ind2=" "><marc:subfield code="a">Uk</marc:subfield><marc:subfield code="c">Uk</marc:subfield></marc:datafield><marc:datafield tag="245" ind1="1" ind2="0"><marc:subfield code="a">Accidents of Childhood, or Cautionary stories for heedless children. [By D. Richmond.] With twenty illustrations by J. D. Watson. Engraved by the Brothers Dalziel.</marc:subfield></marc:datafield><marc:datafield tag="260" ind1=" " ind2=" "><marc:subfield code="a">pp. 175. Routledge, Warne, &amp; Routledge: London, 1861 [1860].</marc:subfield></marc:datafield><marc:datafield tag="300" ind1=" " ind2=" "><marc:subfield code="a">8º.</marc:subfield></marc:datafield><marc:datafield tag="700" ind1="1" ind2=" "><marc:subfield code="a">RICHMOND, D.,</marc:subfield><marc:subfield code="c">Writer for Children.</marc:subfield></marc:datafield><marc:datafield tag="720" ind1=" " ind2=" "><marc:subfield code="a">ACCIDENTS</marc:subfield><marc:subfield code="e">main entry</marc:subfield></marc:datafield><marc:datafield tag="852" ind1="4" ind2="1"><marc:subfield code="a">British Library</marc:subfield><marc:subfield code="b">HMNTS</marc:subfield><marc:subfield code="j">12804.c.15.</marc:subfield></marc:datafield><marc:datafield tag="886" ind1="2" ind2=" "><marc:subfield code="2">blmarc</marc:subfield><marc:subfield code="a">709</marc:subfield><marc:subfield code="b">00</marc:subfield><marc:subfield code="a">RICHMOND</marc:subfield><marc:subfield code="h">D.</marc:subfield><marc:subfield code="f">Writer for Children</marc:subfield><marc:subfield code="p">12804.c.15.</marc:subfield><marc:subfield code="x">2753690243</marc:subfield></marc:datafield></marc:record>