
<marc:record><marc:leader>00996cam a22001813  4500</marc:leader>
<marc:controlfield tag="001">000010095</marc:controlfield>
<marc:controlfield tag="003">Uk</marc:controlfield><marc:controlfield tag="005">20110119132400.0</marc:controlfield><marc:controlfield tag="008">870813|1847|||||||    ||     ||| |||||  </marc:controlfield><marc:datafield tag="040" ind1=" " ind2=" "><marc:subfield code="a">Uk</marc:subfield><marc:subfield code="c">Uk</marc:subfield></marc:datafield><marc:datafield tag="100" ind1="1" ind2=" "><marc:subfield code="a">ACCOLTI, Benedetto,</marc:subfield><marc:subfield code="c">the Elder.</marc:subfield></marc:datafield><marc:datafield tag="245" ind1="1" ind2="0"><marc:subfield code="a">[Benedicti Accolti Aretini Dialogus de præstantia virorum sui aeui, etc. [Edited, with a life of B. Accolti, by B. Bacchini.]]</marc:subfield></marc:datafield><marc:datafield tag="250" ind1=" " ind2=" "><marc:subfield code="a">[Another edition.]</marc:subfield></marc:datafield><marc:datafield tag="580" ind1=" " ind2=" "><marc:subfield code="a">In : Villani (Filippo) Historian. P. Villani de civitatis Florentiae famosis civibus, etc. 1847. 4º.</marc:subfield></marc:datafield><marc:datafield tag="700" ind1="1" ind2=" "><marc:subfield code="a">BACCHINI, Benedetto.</marc:subfield></marc:datafield><marc:datafield tag="787" ind1="0" ind2=" "><marc:subfield code="t">Benedicti Accolti Aretini Dialogus de præstantia virorum sui aeui, etc. [Edited, with a life of B. Accolti, by B. Bacchini.]</marc:subfield><marc:subfield code="d">2 pt. Apud hæredes Mary Vignæ: Parmæ, 1689. 12º.</marc:subfield><marc:subfield code="w">(Uk)MP1.0000011854</marc:subfield></marc:datafield><marc:datafield tag="852" ind1="4" ind2="1"><marc:subfield code="a">British Library</marc:subfield><marc:subfield code="b">HMNTS</marc:subfield><marc:subfield code="j">1329.i.4.</marc:subfield></marc:datafield><marc:datafield tag="886" ind1="2" ind2=" "><marc:subfield code="2">blmarc</marc:subfield><marc:subfield code="a">709</marc:subfield><marc:subfield code="b">00</marc:subfield><marc:subfield code="a">BACCHINI</marc:subfield><marc:subfield code="h">Benedetto</marc:subfield><marc:subfield code="p">L.R.302.a.2/9.</marc:subfield><marc:subfield code="x">0154230251</marc:subfield><marc:subfield code="p">1090.k.10.</marc:subfield><marc:subfield code="x">0154230251</marc:subfield><marc:subfield code="p">11900.a.17.(1.)</marc:subfield><marc:subfield code="x">0154230251</marc:subfield><marc:subfield code="p">1329.b.2.</marc:subfield><marc:subfield code="x">0154230251</marc:subfield><marc:subfield code="p">1329.i.4.</marc:subfield><marc:subfield code="x">0154230251</marc:subfield></marc:datafield></marc:record>