
<marc:record><marc:leader>00742cam a22001813  4500</marc:leader>
<marc:controlfield tag="001">000010133</marc:controlfield>
<marc:controlfield tag="003">Uk</marc:controlfield><marc:controlfield tag="005">20110119132400.0</marc:controlfield><marc:controlfield tag="008">970623|1823|||||||    ||    |||| |||||  </marc:controlfield><marc:datafield tag="040" ind1=" " ind2=" "><marc:subfield code="a">Uk</marc:subfield><marc:subfield code="c">Uk</marc:subfield></marc:datafield><marc:datafield tag="245" ind1="1" ind2="3"><marc:subfield code="a">An accompaniment to the topographical map of England and Wales, interspersed with poetical quotations.</marc:subfield></marc:datafield><marc:datafield tag="260" ind1=" " ind2=" "><marc:subfield code="a">Newcastle upon Tyne :</marc:subfield><marc:subfield code="b">E. Charnley ;</marc:subfield><marc:subfield code="a">London :</marc:subfield><marc:subfield code="b">Baldwin, Craddock &amp; Joy,</marc:subfield><marc:subfield code="c">1823.</marc:subfield></marc:datafield><marc:datafield tag="300" ind1=" " ind2=" "><marc:subfield code="a">236, iv p. ;</marc:subfield><marc:subfield code="c">12º.</marc:subfield></marc:datafield><marc:datafield tag="500" ind1=" " ind2=" "><marc:subfield code="a">With the map, bound in.</marc:subfield></marc:datafield><marc:datafield tag="710" ind1="1" ind2=" "><marc:subfield code="a">England.</marc:subfield><marc:subfield code="t">Appendix. Descriptions, Travels and Topography</marc:subfield></marc:datafield><marc:datafield tag="720" ind1=" " ind2=" "><marc:subfield code="a">ACCOMPANIMENT</marc:subfield><marc:subfield code="e">main entry</marc:subfield></marc:datafield><marc:datafield tag="852" ind1="4" ind2="1"><marc:subfield code="a">British Library</marc:subfield><marc:subfield code="b">HMNTS</marc:subfield><marc:subfield code="j">10350.bb.26.</marc:subfield></marc:datafield><marc:datafield tag="886" ind1="2" ind2=" "><marc:subfield code="2">blmarc</marc:subfield><marc:subfield code="a">709</marc:subfield><marc:subfield code="b">00</marc:subfield><marc:subfield code="a">ENGLAND</marc:subfield><marc:subfield code="t">Appendix</marc:subfield><marc:subfield code="t">Descriptions, Travels and Topography</marc:subfield><marc:subfield code="p">10350.bb.26.</marc:subfield><marc:subfield code="x">1003230040</marc:subfield></marc:datafield></marc:record>