
<marc:record><marc:leader>00755cam a22001813  4500</marc:leader>
<marc:controlfield tag="001">000010160</marc:controlfield>
<marc:controlfield tag="003">Uk</marc:controlfield><marc:controlfield tag="005">20110119132400.0</marc:controlfield><marc:controlfield tag="008">870813|1809|||||||    ||    |||| |||||  </marc:controlfield><marc:datafield tag="040" ind1=" " ind2=" "><marc:subfield code="a">Uk</marc:subfield><marc:subfield code="c">Uk</marc:subfield></marc:datafield><marc:datafield tag="245" ind1="1" ind2="3"><marc:subfield code="a">An account of a dreadful murder committed by Miss Mary Smith, of Thornbury, on the body of her father, Sir John Smith, by poisoning him, for love of a young man; with an account of her trial, and dying speech, etc.</marc:subfield></marc:datafield><marc:datafield tag="260" ind1=" " ind2=" "><marc:subfield code="a">London: printed and sold by Jennings [ca. 1809].</marc:subfield></marc:datafield><marc:datafield tag="300" ind1=" " ind2=" "><marc:subfield code="a">pp. 8. 12º.</marc:subfield></marc:datafield><marc:datafield tag="500" ind1=" " ind2=" "><marc:subfield code="a">In verse.</marc:subfield></marc:datafield><marc:datafield tag="700" ind1="1" ind2=" "><marc:subfield code="a">SMITH, Mary,</marc:subfield><marc:subfield code="c">Miss, of Thornbury.</marc:subfield></marc:datafield><marc:datafield tag="720" ind1=" " ind2=" "><marc:subfield code="a">ACCOUNT</marc:subfield><marc:subfield code="e">main entry</marc:subfield></marc:datafield><marc:datafield tag="852" ind1="4" ind2="1"><marc:subfield code="a">British Library</marc:subfield><marc:subfield code="b">HMNTS</marc:subfield><marc:subfield code="j">1609/5905.(25.)</marc:subfield></marc:datafield><marc:datafield tag="886" ind1="2" ind2=" "><marc:subfield code="2">blmarc</marc:subfield><marc:subfield code="a">709</marc:subfield><marc:subfield code="b">00</marc:subfield><marc:subfield code="a">SMITH</marc:subfield><marc:subfield code="h">Mary</marc:subfield><marc:subfield code="f">Miss, of Thornbury</marc:subfield><marc:subfield code="p">1609/5905.(25.)</marc:subfield><marc:subfield code="x">3060300232</marc:subfield></marc:datafield></marc:record>