
<marc:record><marc:leader>00529cam a22001453  4500</marc:leader>
<marc:controlfield tag="001">000010172</marc:controlfield>
<marc:controlfield tag="003">Uk</marc:controlfield><marc:controlfield tag="005">20110119132400.0</marc:controlfield><marc:controlfield tag="008">870813|1814|||||||    ||    |||| |||||  </marc:controlfield><marc:datafield tag="040" ind1=" " ind2=" "><marc:subfield code="a">Uk</marc:subfield><marc:subfield code="c">Uk</marc:subfield></marc:datafield><marc:datafield tag="245" ind1="1" ind2="0"><marc:subfield code="a">Account of an Invention for reducing the expense of carriage on railways... being the copy of a Letter transmitted to the Secretary of the Society of Arts in London, etc.</marc:subfield></marc:datafield><marc:datafield tag="260" ind1=" " ind2=" "><marc:subfield code="a">Scarborough :</marc:subfield><marc:subfield code="b">G. Broadrick,</marc:subfield><marc:subfield code="c">1814.</marc:subfield></marc:datafield><marc:datafield tag="300" ind1=" " ind2=" "><marc:subfield code="a">7 p. ;</marc:subfield><marc:subfield code="c">8º.</marc:subfield></marc:datafield><marc:datafield tag="720" ind1=" " ind2=" "><marc:subfield code="a">ACCOUNT</marc:subfield><marc:subfield code="e">main entry</marc:subfield></marc:datafield><marc:datafield tag="852" ind1="4" ind2="1"><marc:subfield code="a">British Library</marc:subfield><marc:subfield code="b">HMNTS</marc:subfield><marc:subfield code="j">10347.ee.8.(11.)</marc:subfield></marc:datafield></marc:record>