
<marc:record><marc:leader>00655cam a22001573  4500</marc:leader>
<marc:controlfield tag="001">000010194</marc:controlfield>
<marc:controlfield tag="003">Uk</marc:controlfield><marc:controlfield tag="005">20130115170800.0</marc:controlfield><marc:controlfield tag="008">870813|1813|||||||    ||    |||| |||||  </marc:controlfield><marc:datafield tag="040" ind1=" " ind2=" "><marc:subfield code="a">Uk</marc:subfield><marc:subfield code="c">Uk</marc:subfield></marc:datafield><marc:datafield tag="245" ind1="1" ind2="3"><marc:subfield code="a">An account of the antiquities, modern buildings, and natural curiosities in the province of Moray ... With an itinerary of the province.</marc:subfield></marc:datafield><marc:datafield tag="260" ind1=" " ind2=" "><marc:subfield code="a">Edinburgh :</marc:subfield><marc:subfield code="b">printed for I. Forsyth, Elgin,</marc:subfield><marc:subfield code="c">1813.</marc:subfield></marc:datafield><marc:datafield tag="300" ind1=" " ind2=" "><marc:subfield code="a">viii, 94 p. :</marc:subfield><marc:subfield code="b">plates, map ;</marc:subfield><marc:subfield code="c">(12º), 20 cm.</marc:subfield></marc:datafield><marc:datafield tag="500" ind1=" " ind2=" "><marc:subfield code="a">A later edition, entitled “A manual of the antiquities ... of Moray, etc.” is entered under Moray.</marc:subfield></marc:datafield><marc:datafield tag="720" ind1=" " ind2=" "><marc:subfield code="a">ACCOUNT</marc:subfield><marc:subfield code="e">main entry</marc:subfield></marc:datafield><marc:datafield tag="852" ind1="4" ind2="1"><marc:subfield code="a">British Library</marc:subfield><marc:subfield code="b">HMNTS</marc:subfield><marc:subfield code="j">1609/5987.</marc:subfield></marc:datafield></marc:record>