
<marc:record><marc:leader>00853cam a22001693  4500</marc:leader>
<marc:controlfield tag="001">000010222</marc:controlfield>
<marc:controlfield tag="003">Uk</marc:controlfield><marc:controlfield tag="005">20130521172300.0</marc:controlfield><marc:controlfield tag="008">870813|1814||||enk    ||    |||| |||||  </marc:controlfield><marc:datafield tag="040" ind1=" " ind2=" "><marc:subfield code="a">Uk</marc:subfield><marc:subfield code="c">Uk</marc:subfield></marc:datafield><marc:datafield tag="245" ind1="1" ind2="3"><marc:subfield code="a">An account of the examination of Philip Nicholson, before the Lord Mayor; and of the proceedings of the coroner's inquest, relative to the murder of Mr. and Mrs. Bonar, at Chislehurst, Kent, on Monday morning, 31st May, 1813, together with the particulars of the attempt at suicide, made by P. Nicholson.</marc:subfield></marc:datafield><marc:datafield tag="260" ind1=" " ind2=" "><marc:subfield code="a">London :</marc:subfield><marc:subfield code="b">Printed and sold by J. Evans &amp; Son; sold also by F. Collins; J. Nisbet,</marc:subfield><marc:subfield code="c">[1814?]</marc:subfield></marc:datafield><marc:datafield tag="300" ind1=" " ind2=" "><marc:subfield code="a">8 p. ;</marc:subfield><marc:subfield code="c">4º.</marc:subfield></marc:datafield><marc:datafield tag="700" ind1="1" ind2=" "><marc:subfield code="a">NICHOLSON, Philip,</marc:subfield><marc:subfield code="c">Murderer.</marc:subfield></marc:datafield><marc:datafield tag="720" ind1=" " ind2=" "><marc:subfield code="a">ACCOUNT</marc:subfield><marc:subfield code="e">main entry</marc:subfield></marc:datafield><marc:datafield tag="852" ind1="4" ind2="1"><marc:subfield code="a">British Library</marc:subfield><marc:subfield code="b">HMNTS</marc:subfield><marc:subfield code="j">1609/5905.(17.)</marc:subfield></marc:datafield><marc:datafield tag="886" ind1="2" ind2=" "><marc:subfield code="2">blmarc</marc:subfield><marc:subfield code="a">709</marc:subfield><marc:subfield code="b">00</marc:subfield><marc:subfield code="a">NICHOLSON</marc:subfield><marc:subfield code="h">Philip</marc:subfield><marc:subfield code="f">Murderer</marc:subfield><marc:subfield code="p">1609/5905.(17.)</marc:subfield><marc:subfield code="x">2362460061</marc:subfield></marc:datafield></marc:record>