
<marc:record><marc:leader>00810cam a2200145ua 4500</marc:leader>
<marc:controlfield tag="001">000010259</marc:controlfield>
<marc:controlfield tag="003">Uk</marc:controlfield><marc:controlfield tag="005">20130612113726.0</marc:controlfield><marc:controlfield tag="008">870813s1800    enk           000 0 eng  </marc:controlfield><marc:datafield tag="040" ind1=" " ind2=" "><marc:subfield code="a">Uk</marc:subfield><marc:subfield code="c">Uk</marc:subfield><marc:subfield code="d">Uk</marc:subfield></marc:datafield><marc:datafield tag="245" ind1="0" ind2="3"><marc:subfield code="a">An account of the present English conspiracy, taken from the report of the secret committee of the House of Commons, just now published;</marc:subfield><marc:subfield code="b">in which are laid open, the attempts to excite mutiny in our fleets, and also the plan for a general rising in London, and in other parts, at this time meditated by United Irishmen now here, and by numerous other secret societies in the pay or interests of France, etc.</marc:subfield></marc:datafield><marc:datafield tag="260" ind1=" " ind2=" "><marc:subfield code="a">London :</marc:subfield><marc:subfield code="b">J. Evans; J. Hatchard,</marc:subfield><marc:subfield code="c">[ca. 1800].</marc:subfield></marc:datafield><marc:datafield tag="300" ind1=" " ind2=" "><marc:subfield code="a">20 p. ;</marc:subfield><marc:subfield code="c">19 cm. (8vo)</marc:subfield></marc:datafield><marc:datafield tag="710" ind1="1" ind2=" "><marc:subfield code="a">Great Britain.</marc:subfield><marc:subfield code="b">Parliament.</marc:subfield><marc:subfield code="b">House of Commons.</marc:subfield></marc:datafield><marc:datafield tag="852" ind1="4" ind2="1"><marc:subfield code="a">British Library</marc:subfield><marc:subfield code="b">HMNTS</marc:subfield><marc:subfield code="j">1508/1400.</marc:subfield></marc:datafield></marc:record>