
<marc:record><marc:leader>00816cam a22001693  4500</marc:leader>
<marc:controlfield tag="001">000010276</marc:controlfield>
<marc:controlfield tag="003">Uk</marc:controlfield><marc:controlfield tag="005">20110119132400.0</marc:controlfield><marc:controlfield tag="008">980825|1817|||||||    ||    |||| |||||  </marc:controlfield><marc:datafield tag="040" ind1=" " ind2=" "><marc:subfield code="a">Uk</marc:subfield><marc:subfield code="c">Uk</marc:subfield></marc:datafield><marc:datafield tag="245" ind1="1" ind2="0"><marc:subfield code="a">Account of the remarkable rise and downfall of the late Great Kan of Tartary ... By the editor of The Examiner [i.e. Leigh Hunt].</marc:subfield></marc:datafield><marc:datafield tag="500" ind1=" " ind2=" "><marc:subfield code="a">A satire on the career of Napoleon I. Reprinted from The Examiner, 14 Jan. 1816.</marc:subfield></marc:datafield><marc:datafield tag="580" ind1=" " ind2=" "><marc:subfield code="a">In: Phillips (Charles) One of the Commissioners of the Insolvent Debtors' Court. An historical character of Napoleon. pp. 9-15. 1817. 8º.</marc:subfield></marc:datafield><marc:datafield tag="700" ind1="1" ind2=" "><marc:subfield code="a">Hunt, Leigh,</marc:subfield><marc:subfield code="d">1784-1859.</marc:subfield><marc:subfield code="t">Single Works.</marc:subfield></marc:datafield><marc:datafield tag="720" ind1=" " ind2=" "><marc:subfield code="a">ACCOUNT</marc:subfield><marc:subfield code="e">main entry</marc:subfield></marc:datafield><marc:datafield tag="852" ind1="4" ind2="1"><marc:subfield code="a">British Library</marc:subfield><marc:subfield code="b">HMNTS</marc:subfield><marc:subfield code="j">09525.l.33.(23.)</marc:subfield></marc:datafield><marc:datafield tag="886" ind1="2" ind2=" "><marc:subfield code="2">blmarc</marc:subfield><marc:subfield code="a">709</marc:subfield><marc:subfield code="b">00</marc:subfield><marc:subfield code="a">HUNT</marc:subfield><marc:subfield code="h">James Henry Leigh</marc:subfield><marc:subfield code="t">Single Works</marc:subfield><marc:subfield code="p">09525.l.33.(23.)</marc:subfield><marc:subfield code="x">1560150009</marc:subfield></marc:datafield></marc:record>