
<marc:record><marc:leader>00709cam a22001453  4500</marc:leader>
<marc:controlfield tag="001">000010290</marc:controlfield>
<marc:controlfield tag="003">Uk</marc:controlfield><marc:controlfield tag="005">20121120180900.0</marc:controlfield><marc:controlfield tag="008">870813|1812|||||||    ||    |||| |||||  </marc:controlfield><marc:datafield tag="040" ind1=" " ind2=" "><marc:subfield code="a">Uk</marc:subfield><marc:subfield code="c">Uk</marc:subfield></marc:datafield><marc:datafield tag="245" ind1="1" ind2="0"><marc:subfield code="a">Account of the whole proceedings of the trials for high treason of William Cundle, alias Connel, Cornelius Parker, John Tweedale, alias Twedle [and others ... Before Lord Chief Baron M'Donald, and Sir Simon le Blanc, by special commission, at the Sessions House, Horsemonger Lane, on Monday, February 12, 1812 ... with the sentence passed on those convicted.</marc:subfield></marc:datafield><marc:datafield tag="260" ind1=" " ind2=" "><marc:subfield code="a">London :</marc:subfield><marc:subfield code="b">T. Evans,</marc:subfield><marc:subfield code="c">[1812?]</marc:subfield></marc:datafield><marc:datafield tag="300" ind1=" " ind2=" "><marc:subfield code="a">8 p. ;</marc:subfield><marc:subfield code="c">4º.</marc:subfield></marc:datafield><marc:datafield tag="720" ind1=" " ind2=" "><marc:subfield code="a">ACCOUNT</marc:subfield><marc:subfield code="e">main entry</marc:subfield></marc:datafield><marc:datafield tag="852" ind1="4" ind2="1"><marc:subfield code="a">British Library</marc:subfield><marc:subfield code="b">HMNTS</marc:subfield><marc:subfield code="j">1609/5905.(24.)</marc:subfield></marc:datafield></marc:record>