
<marc:record><marc:leader>01087cam a22001813  4500</marc:leader>
<marc:controlfield tag="001">000010330</marc:controlfield>
<marc:controlfield tag="003">Uk</marc:controlfield><marc:controlfield tag="005">20130522192300.0</marc:controlfield><marc:controlfield tag="008">870813|1836||||stk    ||    |||| |||||  </marc:controlfield><marc:datafield tag="040" ind1=" " ind2=" "><marc:subfield code="a">Uk</marc:subfield><marc:subfield code="c">Uk</marc:subfield></marc:datafield><marc:datafield tag="245" ind1="1" ind2="3"><marc:subfield code="a">An Historical Account of the Circumnavigation of the Globe, and of the progress of discovery in the Pacific Ocean, from the voyage of Magellan to the death of Cook.</marc:subfield></marc:datafield><marc:datafield tag="260" ind1=" " ind2=" "><marc:subfield code="a">Edinburgh :</marc:subfield><marc:subfield code="b">Oliver &amp; Boyd,</marc:subfield><marc:subfield code="c">1836, etc.</marc:subfield></marc:datafield><marc:datafield tag="300" ind1=" " ind2=" "><marc:subfield code="a">496 p. ;</marc:subfield><marc:subfield code="c">12º.</marc:subfield></marc:datafield><marc:datafield tag="490" ind1="0" ind2=" "><marc:subfield code="a">[Edinburgh Cabinet Library. vol. 21.]</marc:subfield></marc:datafield><marc:datafield tag="720" ind1=" " ind2=" "><marc:subfield code="a">ACCOUNT</marc:subfield><marc:subfield code="e">main entry</marc:subfield></marc:datafield><marc:datafield tag="775" ind1="0" ind2=" "><marc:subfield code="t">[An Historical Account of the Circumnavigation of the Globe, and of the progress of discovery in the Pacific Ocean, from the voyage of Magellan to the death of Cook.]</marc:subfield><marc:subfield code="d">pp. 496. Oliver &amp; Boyd: Edinburgh, 1837. 12º.</marc:subfield><marc:subfield code="w">(Uk)MP1.0000012096.1</marc:subfield></marc:datafield><marc:datafield tag="775" ind1="0" ind2=" "><marc:subfield code="t">[An Historical Account of the Circumnavigation of the Globe, and of the progress of discovery in the Pacific Ocean, from the voyage of Magellan to the death of Cook.]</marc:subfield><marc:subfield code="d">pp. 366. Harper &amp; Bros.: New York, 1845. 12º.</marc:subfield><marc:subfield code="w">(Uk)MP1.0000012096.2</marc:subfield></marc:datafield><marc:datafield tag="852" ind1="4" ind2="1"><marc:subfield code="a">British Library</marc:subfield><marc:subfield code="b">HMNTS</marc:subfield><marc:subfield code="j">12203.t.1/21.</marc:subfield></marc:datafield></marc:record>