
<marc:record><marc:leader>00811cam a22001693  4500</marc:leader>
<marc:controlfield tag="001">000010332</marc:controlfield>
<marc:controlfield tag="003">Uk</marc:controlfield><marc:controlfield tag="005">20130503191800.0</marc:controlfield><marc:controlfield tag="008">870813|1845||||xxu    ||    |||| |||||  </marc:controlfield><marc:datafield tag="040" ind1=" " ind2=" "><marc:subfield code="a">Uk</marc:subfield><marc:subfield code="c">Uk</marc:subfield></marc:datafield><marc:datafield tag="245" ind1="1" ind2="4"><marc:subfield code="a">[An Historical Account of the Circumnavigation of the Globe, and of the progress of discovery in the Pacific Ocean, from the voyage of Magellan to the death of Cook.]</marc:subfield></marc:datafield><marc:datafield tag="250" ind1=" " ind2=" "><marc:subfield code="a">[Another edition.]</marc:subfield></marc:datafield><marc:datafield tag="260" ind1=" " ind2=" "><marc:subfield code="a">New York :</marc:subfield><marc:subfield code="b">Harper &amp; Bros.,</marc:subfield><marc:subfield code="c">1845.</marc:subfield></marc:datafield><marc:datafield tag="300" ind1=" " ind2=" "><marc:subfield code="a">366 p. ;</marc:subfield><marc:subfield code="c">12º.</marc:subfield></marc:datafield><marc:datafield tag="720" ind1=" " ind2=" "><marc:subfield code="a">ACCOUNT</marc:subfield><marc:subfield code="e">main entry</marc:subfield></marc:datafield><marc:datafield tag="787" ind1="0" ind2=" "><marc:subfield code="t">An Historical Account of the Circumnavigation of the Globe, and of the progress of discovery in the Pacific Ocean, from the voyage of Magellan to the death of Cook.</marc:subfield><marc:subfield code="d">pp. 496. Oliver &amp; Boyd: Edinburgh, 1836, etc. 12º.</marc:subfield><marc:subfield code="w">(Uk)MP1.0000012096</marc:subfield></marc:datafield><marc:datafield tag="852" ind1="4" ind2="1"><marc:subfield code="a">British Library</marc:subfield><marc:subfield code="b">HMNTS</marc:subfield><marc:subfield code="j">12205.b.48.</marc:subfield></marc:datafield></marc:record>