
<marc:record><marc:leader>00774cam a2200157   4500</marc:leader>
<marc:controlfield tag="001">000010377</marc:controlfield>
<marc:controlfield tag="003">Uk</marc:controlfield><marc:controlfield tag="005">20090211114105.0</marc:controlfield><marc:controlfield tag="008">870813s1822    enk           000 0 eng  </marc:controlfield><marc:datafield tag="040" ind1=" " ind2=" "><marc:subfield code="a">Uk</marc:subfield><marc:subfield code="c">Uk</marc:subfield></marc:datafield><marc:datafield tag="245" ind1="0" ind2="2"><marc:subfield code="a">A true and singular account of wife-selling extraordinary!</marc:subfield><marc:subfield code="b">About half past twelve, on Thursday the 12th of December 1822, the public were attracted to Plymouth-cattle-market, in consequence of notice which had been previously given, that a man, at that time and place, was to dispose of his wife by public sale! ...</marc:subfield></marc:datafield><marc:datafield tag="260" ind1=" " ind2=" "><marc:subfield code="a">[Gateshead]:</marc:subfield><marc:subfield code="b">W. Stephenson, printer, Gateshead,</marc:subfield><marc:subfield code="c">[1822]</marc:subfield></marc:datafield><marc:datafield tag="300" ind1=" " ind2=" "><marc:subfield code="a">1 sheet ([1] p.);</marc:subfield><marc:subfield code="c">30 x 19 cm.</marc:subfield></marc:datafield><marc:datafield tag="650" ind1=" " ind2="0"><marc:subfield code="a">Wives</marc:subfield><marc:subfield code="z">England</marc:subfield><marc:subfield code="z">Plymouth</marc:subfield></marc:datafield><marc:datafield tag="852" ind1="4" ind2="1"><marc:subfield code="a">British Library</marc:subfield><marc:subfield code="b">HMNTS</marc:subfield><marc:subfield code="j">74/1881.d.8(59)</marc:subfield></marc:datafield><marc:datafield tag="852" ind1="4" ind2="1"><marc:subfield code="a">British Library</marc:subfield><marc:subfield code="b">HMNTS</marc:subfield><marc:subfield code="j">L.R.38.c.18(21)</marc:subfield></marc:datafield></marc:record>