
<marc:record><marc:leader>01209cam a22001933  4500</marc:leader>
<marc:controlfield tag="001">000010453</marc:controlfield>
<marc:controlfield tag="003">Uk</marc:controlfield><marc:controlfield tag="005">20120203162600.0</marc:controlfield><marc:controlfield tag="008">040121|1817|||||||    ||     ||| |||||  </marc:controlfield><marc:datafield tag="040" ind1=" " ind2=" "><marc:subfield code="a">Uk</marc:subfield><marc:subfield code="c">Uk</marc:subfield></marc:datafield><marc:datafield tag="100" ind1="1" ind2=" "><marc:subfield code="a">ACCUM, Friedrich Christian.</marc:subfield></marc:datafield><marc:datafield tag="245" ind1="1" ind2="0"><marc:subfield code="a">Chemical amusement, comprising a series of curious and instructive experiments in chemistry, etc.</marc:subfield></marc:datafield><marc:datafield tag="260" ind1=" " ind2=" "><marc:subfield code="a">London :</marc:subfield><marc:subfield code="b">Thomas Boys,</marc:subfield><marc:subfield code="c">1817.</marc:subfield></marc:datafield><marc:datafield tag="300" ind1=" " ind2=" "><marc:subfield code="a">xxv, 191 p. ;</marc:subfield><marc:subfield code="c">12º.</marc:subfield></marc:datafield><marc:datafield tag="775" ind1="0" ind2=" "><marc:subfield code="t">[Chemical amusement, comprising a series of curious and instructive experiments in chemistry, etc.]</marc:subfield><marc:subfield code="d">London: printed for Thomas Boys, 1818. xlviii, 360p., II plates. Ill. (12º); 19 cm.</marc:subfield><marc:subfield code="w">(Uk)MP1.0000012246.2</marc:subfield></marc:datafield><marc:datafield tag="775" ind1="0" ind2=" "><marc:subfield code="t">[Chemical amusement, comprising a series of curious and instructive experiments in chemistry, etc.]</marc:subfield><marc:subfield code="d">London: printed for Thomas Boys, 1819. 430, [2]p., II plates. Ill. (12º); 19 cm.</marc:subfield><marc:subfield code="w">(Uk)MP1.0000012246.3</marc:subfield></marc:datafield><marc:datafield tag="775" ind1="0" ind2=" "><marc:subfield code="t">[Chemical amusement, comprising a series of curious and instructive experiments in chemistry, etc.]</marc:subfield><marc:subfield code="d">London: printed for Thomas Boys, 1821. xix, [2], xiv-xxxvi, 360p., II plates. Ill. (12º); 19 cm.</marc:subfield><marc:subfield code="w">(Uk)MP1.0000012246.4</marc:subfield></marc:datafield><marc:datafield tag="852" ind1="4" ind2="1"><marc:subfield code="a">British Library</marc:subfield><marc:subfield code="b">HMNTS</marc:subfield><marc:subfield code="j">957.l.32.</marc:subfield></marc:datafield><marc:datafield tag="852" ind1="4" ind2="1"><marc:subfield code="a">British Library</marc:subfield><marc:subfield code="b">HMNTS</marc:subfield><marc:subfield code="j">1035.e.19.</marc:subfield><marc:subfield code="3">[Another copy.]</marc:subfield></marc:datafield></marc:record>