
<marc:record><marc:leader>00821cam a22001813  4500</marc:leader>
<marc:controlfield tag="001">000010455</marc:controlfield>
<marc:controlfield tag="003">Uk</marc:controlfield><marc:controlfield tag="005">20130815190400.0</marc:controlfield><marc:controlfield tag="008">040121|1819|||||||    ||     ||| |||||  </marc:controlfield><marc:datafield tag="040" ind1=" " ind2=" "><marc:subfield code="a">Uk</marc:subfield><marc:subfield code="c">Uk</marc:subfield></marc:datafield><marc:datafield tag="100" ind1="1" ind2=" "><marc:subfield code="a">ACCUM, Friedrich Christian.</marc:subfield></marc:datafield><marc:datafield tag="245" ind1="1" ind2="0"><marc:subfield code="a">[Chemical amusement, comprising a series of curious and instructive experiments in chemistry, etc.]</marc:subfield></marc:datafield><marc:datafield tag="250" ind1=" " ind2=" "><marc:subfield code="a">Fourth edition, with plates, and considerably enlarged.</marc:subfield></marc:datafield><marc:datafield tag="260" ind1=" " ind2=" "><marc:subfield code="a">London :</marc:subfield><marc:subfield code="b">printed for Thomas Boys,</marc:subfield><marc:subfield code="c">1819.</marc:subfield></marc:datafield><marc:datafield tag="300" ind1=" " ind2=" "><marc:subfield code="a">430, [2] p., II plates :</marc:subfield><marc:subfield code="b">ill. ;</marc:subfield><marc:subfield code="c">19 cm. (12º)</marc:subfield></marc:datafield><marc:datafield tag="500" ind1=" " ind2=" "><marc:subfield code="a">With the bookseller's ticket of Wilson of London.</marc:subfield></marc:datafield><marc:datafield tag="787" ind1="0" ind2=" "><marc:subfield code="t">Chemical amusement, comprising a series of curious and instructive experiments in chemistry, etc.</marc:subfield><marc:subfield code="d">pp. xxv. 191. Thomas Boys: London, 1817. 12º.</marc:subfield><marc:subfield code="w">(Uk)MP1.0000012246</marc:subfield></marc:datafield><marc:datafield tag="852" ind1="4" ind2="1"><marc:subfield code="a">British Library</marc:subfield><marc:subfield code="b">HMNTS</marc:subfield><marc:subfield code="j">1399.c.45.</marc:subfield></marc:datafield></marc:record>