
<marc:record><marc:leader>01297cam a22001813  4500</marc:leader>
<marc:controlfield tag="001">000010459</marc:controlfield>
<marc:controlfield tag="003">Uk</marc:controlfield><marc:controlfield tag="005">20110119132400.0</marc:controlfield><marc:controlfield tag="008">030702|1820|||||||    ||     ||| |||||  </marc:controlfield><marc:datafield tag="040" ind1=" " ind2=" "><marc:subfield code="a">Uk</marc:subfield><marc:subfield code="c">Uk</marc:subfield></marc:datafield><marc:datafield tag="100" ind1="1" ind2=" "><marc:subfield code="a">ACCUM, Friedrich Christian.</marc:subfield></marc:datafield><marc:datafield tag="245" ind1="1" ind2="0"><marc:subfield code="a">[Description of the process of manufacturing coal gas, for the lighting of streets, houses and public buildings; with elevations, sections, and plans of the most improved sorts of apparatus now employed at the Gas Works in London, etc.]</marc:subfield></marc:datafield><marc:datafield tag="250" ind1=" " ind2=" "><marc:subfield code="a">Second edition, etc.</marc:subfield></marc:datafield><marc:datafield tag="260" ind1=" " ind2=" "><marc:subfield code="a">London: Thomas Boys, 1820.</marc:subfield></marc:datafield><marc:datafield tag="300" ind1=" " ind2=" "><marc:subfield code="a">(C. Green, printer). xv, [1], 334p., 7 leaves of plates (some folded): (8º); 23 cm.</marc:subfield></marc:datafield><marc:datafield tag="787" ind1="0" ind2=" "><marc:subfield code="t">Description of the process of manufacturing coal gas, for the lighting of streets, houses and public buildings; with elevations, sections, and plans of the most improved sorts of apparatus now employed at the Gas Works in London, etc.</marc:subfield><marc:subfield code="d">pp. xv. 334. pl. 7. Thomas Boys: London, 1819. 8º.</marc:subfield><marc:subfield code="w">(Uk)MP1.0000012248</marc:subfield></marc:datafield><marc:datafield tag="852" ind1="4" ind2="1"><marc:subfield code="a">British Library</marc:subfield><marc:subfield code="b">HMNTS</marc:subfield><marc:subfield code="j">8716.cc.15.</marc:subfield></marc:datafield><marc:datafield tag="852" ind1="4" ind2="1"><marc:subfield code="a">British Library</marc:subfield><marc:subfield code="b">HMNTS</marc:subfield><marc:subfield code="j">RB.23.a.24164.</marc:subfield><marc:subfield code="3">[Another copy.]***Contains [2]p. of advertisements, for works lately published by Fredrick Accum, and directions to the binder, at end of text. With the stamp of the Patent Office Library. Printer's name from colophon.</marc:subfield></marc:datafield></marc:record>