
<marc:record><marc:leader>00546cam a22001453  4500</marc:leader>
<marc:controlfield tag="001">000010461</marc:controlfield>
<marc:controlfield tag="003">Uk</marc:controlfield><marc:controlfield tag="005">20090902120236.0</marc:controlfield><marc:controlfield tag="008">870813|1819|||||||    ||     ||| |||||  </marc:controlfield><marc:datafield tag="040" ind1=" " ind2=" "><marc:subfield code="a">Uk</marc:subfield><marc:subfield code="c">Uk</marc:subfield></marc:datafield><marc:datafield tag="100" ind1="1" ind2=" "><marc:subfield code="a">ACCUM, Friedrich Christian.</marc:subfield></marc:datafield><marc:datafield tag="245" ind1="1" ind2="0"><marc:subfield code="a">Guide to the Chalybeate Spring of Thetford, etc.</marc:subfield></marc:datafield><marc:datafield tag="260" ind1=" " ind2=" "><marc:subfield code="a">London:</marc:subfield><marc:subfield code="b">sold by T. Boys ... and by all the booksellers at Thetford, Bury St. Edmunds, Norwich, and Dereham,</marc:subfield><marc:subfield code="c">1819.</marc:subfield></marc:datafield><marc:datafield tag="300" ind1=" " ind2=" "><marc:subfield code="a">xiv, 159, [1] p., II folded leaves of plates (one col.)</marc:subfield><marc:subfield code="b">ill.</marc:subfield><marc:subfield code="c">20 cm.</marc:subfield></marc:datafield><marc:datafield tag="852" ind1="4" ind2="1"><marc:subfield code="a">British Library</marc:subfield><marc:subfield code="b">HMNTS</marc:subfield><marc:subfield code="j">1171.i.13.</marc:subfield></marc:datafield></marc:record>