
<marc:record><marc:leader>01481cam a22001813  4500</marc:leader>
<marc:controlfield tag="001">000010464</marc:controlfield>
<marc:controlfield tag="003">Uk</marc:controlfield><marc:controlfield tag="005">20110119132400.0</marc:controlfield><marc:controlfield tag="008">870813|1816|||||||    ||     ||| |||||  </marc:controlfield><marc:datafield tag="040" ind1=" " ind2=" "><marc:subfield code="a">Uk</marc:subfield><marc:subfield code="c">Uk</marc:subfield></marc:datafield><marc:datafield tag="100" ind1="1" ind2=" "><marc:subfield code="a">ACCUM, Friedrich Christian.</marc:subfield></marc:datafield><marc:datafield tag="245" ind1="1" ind2="2"><marc:subfield code="a">A Practical Essay on Chemical Re-agents, or Tests. Illustrated by a series of experiments. (Descriptive catalogue of the apparatus and instruments employed in experimental and operative chemistry, in analytical mineralogy, and in the pursuits of the recent discoveries of voltaic electricity.).</marc:subfield></marc:datafield><marc:datafield tag="260" ind1=" " ind2=" "><marc:subfield code="a">pp. xli. 263. 59. J. Callow: London, 1816.</marc:subfield></marc:datafield><marc:datafield tag="300" ind1=" " ind2=" "><marc:subfield code="a">8º.</marc:subfield></marc:datafield><marc:datafield tag="775" ind1="0" ind2=" "><marc:subfield code="t">[A Practical Essay on Chemical Re-agents, or Tests. Illustrated by a series of experiments. (Descriptive catalogue of the apparatus and instruments employed in experimental and operative chemistry, in analytical mineralogy, and in the pursuits of the recent discoveries of voltaic electricity.)]</marc:subfield><marc:subfield code="d">pp. 503. Thomas Boys: London, 1818. 8º.</marc:subfield><marc:subfield code="w">(Uk)MP1.0000012253.2</marc:subfield></marc:datafield><marc:datafield tag="775" ind1="0" ind2=" "><marc:subfield code="t">[A Practical Essay on Chemical Re-agents, or Tests. Illustrated by a series of experiments. (Descriptive catalogue of the apparatus and instruments employed in experimental and operative chemistry, in analytical mineralogy, and in the pursuits of the recent discoveries of voltaic electricity.)]</marc:subfield><marc:subfield code="d">pp. xxiii. 452. Charles Tilt: London, 1828. 12º.</marc:subfield><marc:subfield code="w">(Uk)MP1.0000012253.3</marc:subfield></marc:datafield><marc:datafield tag="852" ind1="4" ind2="1"><marc:subfield code="a">British Library</marc:subfield><marc:subfield code="b">HMNTS</marc:subfield><marc:subfield code="j">957.l.30.</marc:subfield></marc:datafield><marc:datafield tag="852" ind1="4" ind2="1"><marc:subfield code="a">British Library</marc:subfield><marc:subfield code="b">HMNTS</marc:subfield><marc:subfield code="j">236.k.36.</marc:subfield><marc:subfield code="3">[Another copy.]</marc:subfield></marc:datafield></marc:record>