
<marc:record><marc:leader>01085cam a22001693  4500</marc:leader>
<marc:controlfield tag="001">000010465</marc:controlfield>
<marc:controlfield tag="003">Uk</marc:controlfield><marc:controlfield tag="005">20111222151700.0</marc:controlfield><marc:controlfield tag="008">870813|1818|||||||    ||     ||| |||||  </marc:controlfield><marc:datafield tag="040" ind1=" " ind2=" "><marc:subfield code="a">Uk</marc:subfield><marc:subfield code="c">Uk</marc:subfield></marc:datafield><marc:datafield tag="100" ind1="1" ind2=" "><marc:subfield code="a">ACCUM, Friedrich Christian.</marc:subfield></marc:datafield><marc:datafield tag="245" ind1="1" ind2="3"><marc:subfield code="a">[A Practical Essay on Chemical Re-agents, or Tests. Illustrated by a series of experiments. (Descriptive catalogue of the apparatus and instruments employed in experimental and operative chemistry, in analytical mineralogy, and in the pursuits of the recent discoveries of voltaic electricity.)]</marc:subfield></marc:datafield><marc:datafield tag="250" ind1=" " ind2=" "><marc:subfield code="a">Second edition, with plates, enlarged.</marc:subfield></marc:datafield><marc:datafield tag="260" ind1=" " ind2=" "><marc:subfield code="a">London :</marc:subfield><marc:subfield code="b">Thomas Boys,</marc:subfield><marc:subfield code="c">1818.</marc:subfield></marc:datafield><marc:datafield tag="300" ind1=" " ind2=" "><marc:subfield code="a">503 p. ;</marc:subfield><marc:subfield code="c">8º.</marc:subfield></marc:datafield><marc:datafield tag="787" ind1="0" ind2=" "><marc:subfield code="t">A Practical Essay on Chemical Re-agents, or Tests. Illustrated by a series of experiments. (Descriptive catalogue of the apparatus and instruments employed in experimental and operative chemistry, in analytical mineralogy, and in the pursuits of the recent discoveries of voltaic electricity.)</marc:subfield><marc:subfield code="d">pp. xli. 263. 59. J. Callow: London, 1816. 8º.</marc:subfield><marc:subfield code="w">(Uk)MP1.0000012253</marc:subfield></marc:datafield><marc:datafield tag="852" ind1="4" ind2="1"><marc:subfield code="a">British Library</marc:subfield><marc:subfield code="b">HMNTS</marc:subfield><marc:subfield code="j">957.l.31.</marc:subfield></marc:datafield></marc:record>