
<marc:record><marc:leader>00813cam a22001693  4500</marc:leader>
<marc:controlfield tag="001">000010467</marc:controlfield>
<marc:controlfield tag="003">Uk</marc:controlfield><marc:controlfield tag="005">20111222151700.0</marc:controlfield><marc:controlfield tag="008">870813|1819|||||||    ||     ||| |||||  </marc:controlfield><marc:datafield tag="040" ind1=" " ind2=" "><marc:subfield code="a">Uk</marc:subfield><marc:subfield code="c">Uk</marc:subfield></marc:datafield><marc:datafield tag="100" ind1="1" ind2=" "><marc:subfield code="a">ACCUM, Friedrich Christian.</marc:subfield></marc:datafield><marc:datafield tag="245" ind1="1" ind2="0"><marc:subfield code="a">Trattato pratico per l'uso ed applicazione de' reagenti chimici, con una ... istruzione per analizzare le miniere metalliche, i metalli, i suoli, i concimi, e le acque minerali ... Traduzione fatta sulla seconda edizione inglese ... Con aumentazioni di G. Pozzi.</marc:subfield></marc:datafield><marc:datafield tag="260" ind1=" " ind2=" "><marc:subfield code="a">Milano,</marc:subfield><marc:subfield code="c">1819.</marc:subfield></marc:datafield><marc:datafield tag="300" ind1=" " ind2=" "><marc:subfield code="a">2 vol. ;</marc:subfield><marc:subfield code="c">8º.</marc:subfield></marc:datafield><marc:datafield tag="700" ind1="1" ind2=" "><marc:subfield code="a">POZZI, Giovanni,</marc:subfield><marc:subfield code="c">Direttore dell'I. R. Scuola Veterinaria in Milano.</marc:subfield></marc:datafield><marc:datafield tag="852" ind1="4" ind2="1"><marc:subfield code="a">British Library</marc:subfield><marc:subfield code="b">HMNTS</marc:subfield><marc:subfield code="j">8905.c.19.</marc:subfield></marc:datafield><marc:datafield tag="886" ind1="2" ind2=" "><marc:subfield code="2">blmarc</marc:subfield><marc:subfield code="a">709</marc:subfield><marc:subfield code="b">00</marc:subfield><marc:subfield code="a">POZZI</marc:subfield><marc:subfield code="h">Giovanni</marc:subfield><marc:subfield code="f">Direttore dell'I. R. Scuola Veterinaria in Milano</marc:subfield><marc:subfield code="p">8905.c.19.</marc:subfield><marc:subfield code="x">2642900258</marc:subfield></marc:datafield></marc:record>