
<marc:record><marc:leader>00784cam a22001573  4500</marc:leader>
<marc:controlfield tag="001">000010473</marc:controlfield>
<marc:controlfield tag="003">Uk</marc:controlfield><marc:controlfield tag="005">20110119132400.0</marc:controlfield><marc:controlfield tag="008">040330s1818    enk    ||     000 ||eng  </marc:controlfield><marc:datafield tag="040" ind1=" " ind2=" "><marc:subfield code="a">Uk</marc:subfield><marc:subfield code="c">Uk</marc:subfield></marc:datafield><marc:datafield tag="100" ind1="1" ind2=" "><marc:subfield code="a">ACCUM, Friedrich Christian.</marc:subfield></marc:datafield><marc:datafield tag="245" ind1="1" ind2="2"><marc:subfield code="a">A practical treatise on gas-light ... Fourth edition.</marc:subfield></marc:datafield><marc:datafield tag="260" ind1=" " ind2=" "><marc:subfield code="a">London: printed by W. Clowes, for R. Ackermann; Longman, Hurst, Rees, Orme, and Brown [and 2 others], 1818.</marc:subfield></marc:datafield><marc:datafield tag="300" ind1=" " ind2=" "><marc:subfield code="a">x, [7], xii-xvi, [1], 194p., 7 leaves of plates. (8º); 26 cm.</marc:subfield></marc:datafield><marc:datafield tag="852" ind1="4" ind2="1"><marc:subfield code="a">British Library</marc:subfield><marc:subfield code="b">HMNTS</marc:subfield><marc:subfield code="j">8717.f.2.</marc:subfield></marc:datafield><marc:datafield tag="852" ind1="4" ind2="1"><marc:subfield code="a">British Library</marc:subfield><marc:subfield code="b">HMNTS</marc:subfield><marc:subfield code="j">RB.23.b.5027.</marc:subfield><marc:subfield code="3">[Another copy.]***Contains 6p. of advertisements at end of text for works of art, published by R. Ackermann. - Price: tweleve shillings in boards. - With the stamp of the Patent Office Library.</marc:subfield></marc:datafield></marc:record>