
<marc:record><marc:leader>00790cam a22001813  4500</marc:leader>
<marc:controlfield tag="001">000010475</marc:controlfield>
<marc:controlfield tag="003">Uk</marc:controlfield><marc:controlfield tag="005">20070524095948.0</marc:controlfield><marc:controlfield tag="008">030514s1803    enk           001 0 eng  </marc:controlfield><marc:datafield tag="040" ind1=" " ind2=" "><marc:subfield code="a">Uk</marc:subfield><marc:subfield code="c">Uk</marc:subfield></marc:datafield><marc:datafield tag="100" ind1="1" ind2=" "><marc:subfield code="a">Accum, Friedrich Christian,</marc:subfield><marc:subfield code="d">1769-1838</marc:subfield></marc:datafield><marc:datafield tag="245" ind1="1" ind2="2"><marc:subfield code="a">A System of Theoretical and Practical Chemistry.</marc:subfield></marc:datafield><marc:datafield tag="260" ind1=" " ind2=" "><marc:subfield code="a">2 vol. The Author: London, 1803.</marc:subfield></marc:datafield><marc:datafield tag="300" ind1=" " ind2=" "><marc:subfield code="a">(George Hayden [printer]); 8º.</marc:subfield></marc:datafield><marc:datafield tag="775" ind1="0" ind2=" "><marc:subfield code="t">[A System of Theoretical and Practical Chemistry.]</marc:subfield><marc:subfield code="d">2 vol. The Author: London, 1807. (T. Davison [printer]); 8º.</marc:subfield><marc:subfield code="w">(Uk)MP1.0000012261.2</marc:subfield></marc:datafield><marc:datafield tag="852" ind1="4" ind2="1"><marc:subfield code="a">British Library</marc:subfield><marc:subfield code="b">HMNTS</marc:subfield><marc:subfield code="j">954.k.11.</marc:subfield></marc:datafield><marc:datafield tag="852" ind1="4" ind2="1"><marc:subfield code="a">British Library</marc:subfield><marc:subfield code="b">HMNTS</marc:subfield><marc:subfield code="j">RB.23.a.23985.</marc:subfield><marc:subfield code="3">[Another copy.]***Printer's name from colophon. With the stamp of the Patent Office Library.</marc:subfield></marc:datafield><marc:datafield tag="852" ind1="4" ind2="1"><marc:subfield code="a">British Library</marc:subfield><marc:subfield code="b">HMNTS</marc:subfield><marc:subfield code="j">RB.23.a.30302</marc:subfield></marc:datafield></marc:record>