
<marc:record><marc:leader>00864cam a22001573  4500</marc:leader>
<marc:controlfield tag="001">000010477</marc:controlfield>
<marc:controlfield tag="003">Uk</marc:controlfield><marc:controlfield tag="005">20130708175200.0</marc:controlfield><marc:controlfield tag="008">030918|1820||||enk    ||     ||| |||||  </marc:controlfield><marc:datafield tag="040" ind1=" " ind2=" "><marc:subfield code="a">Uk</marc:subfield><marc:subfield code="c">Uk</marc:subfield></marc:datafield><marc:datafield tag="100" ind1="1" ind2=" "><marc:subfield code="a">ACCUM, Friedrich Christian.</marc:subfield></marc:datafield><marc:datafield tag="245" ind1="1" ind2="2"><marc:subfield code="a">A Treatise on Adulterations of Food, and culinary poisons, exhibiting the fraudulent sophistications of bread, beer, wine ... and other articles employed in domestic economy and methods of detecting them.</marc:subfield></marc:datafield><marc:datafield tag="260" ind1=" " ind2=" "><marc:subfield code="a">London :</marc:subfield><marc:subfield code="b">Longman &amp; Co.,</marc:subfield><marc:subfield code="c">1820.</marc:subfield></marc:datafield><marc:datafield tag="300" ind1=" " ind2=" "><marc:subfield code="a">xvi, 372 p. ;</marc:subfield><marc:subfield code="c">12º.</marc:subfield></marc:datafield><marc:datafield tag="775" ind1="0" ind2=" "><marc:subfield code="t">[A Treatise on Adulterations of Food, and culinary poisons, exhibiting the fraudulent sophistications of bread, beer, wine ... and other articles employed in domestic economy and methods of detecting them.]</marc:subfield><marc:subfield code="d">pp. xxiv. 360. Longman &amp; Co.: London, 1820. 8º.</marc:subfield><marc:subfield code="w">(Uk)MP1.0000012262.1</marc:subfield></marc:datafield><marc:datafield tag="852" ind1="4" ind2="1"><marc:subfield code="a">British Library</marc:subfield><marc:subfield code="b">HMNTS</marc:subfield><marc:subfield code="j">1037.f.27.</marc:subfield></marc:datafield></marc:record>