
<marc:record><marc:leader>01248cam a22001813  4500</marc:leader>
<marc:controlfield tag="001">000010478</marc:controlfield>
<marc:controlfield tag="003">Uk</marc:controlfield><marc:controlfield tag="005">20051124105725.0</marc:controlfield><marc:controlfield tag="008">030918|1820||||enk    ||     ||| |||||  </marc:controlfield><marc:datafield tag="040" ind1=" " ind2=" "><marc:subfield code="a">Uk</marc:subfield><marc:subfield code="c">Uk</marc:subfield></marc:datafield><marc:datafield tag="100" ind1="1" ind2=" "><marc:subfield code="a">ACCUM, Friedrich Christian.</marc:subfield></marc:datafield><marc:datafield tag="245" ind1="1" ind2="3"><marc:subfield code="a">[A Treatise on Adulterations of Food, and culinary poisons, exhibiting the fraudulent sophistications of bread, beer, wine ... and other articles employed in domestic economy and methods of detecting them.]</marc:subfield></marc:datafield><marc:datafield tag="250" ind1=" " ind2=" "><marc:subfield code="a">The second edition.</marc:subfield></marc:datafield><marc:datafield tag="260" ind1=" " ind2=" "><marc:subfield code="a">London :</marc:subfield><marc:subfield code="b">Longman &amp; Co.,</marc:subfield><marc:subfield code="c">1820.</marc:subfield></marc:datafield><marc:datafield tag="300" ind1=" " ind2=" "><marc:subfield code="a">xxiv, 360 p. ;</marc:subfield><marc:subfield code="c">8º.</marc:subfield></marc:datafield><marc:datafield tag="787" ind1="0" ind2=" "><marc:subfield code="t">A Treatise on Adulterations of Food, and culinary poisons, exhibiting the fraudulent sophistications of bread, beer, wine ... and other articles employed in domestic economy and methods of detecting them.</marc:subfield><marc:subfield code="d">pp. xvi. 372. Longman &amp; Co.: London, 1820. 12º.</marc:subfield><marc:subfield code="w">(Uk)MP1.0000012262</marc:subfield></marc:datafield><marc:datafield tag="852" ind1="4" ind2="1"><marc:subfield code="a">British Library</marc:subfield><marc:subfield code="b">HMNTS</marc:subfield><marc:subfield code="j">7944.f.15.</marc:subfield></marc:datafield><marc:datafield tag="852" ind1="4" ind2="1"><marc:subfield code="a">British Library</marc:subfield><marc:subfield code="b">HMNTS</marc:subfield><marc:subfield code="j">Rb.23.a.24749.</marc:subfield><marc:subfield code="3">[Another copy.] London: sold by Longman, Hurst, Rees, Orme, and Brown, 1820 (Joseph Mallett [printer]). [2], xxiv, 360p.; (12º); 20 cm.***Printer's name from colophon. Author's presentation inscription: To Dr. Kitchener from his friend the author. With the stamp of the Patent Office Library.</marc:subfield></marc:datafield></marc:record>