
<marc:record><marc:leader>01461cam a22002533  4500</marc:leader>
<marc:controlfield tag="001">000010485</marc:controlfield>
<marc:controlfield tag="003">Uk</marc:controlfield><marc:controlfield tag="005">20110311165800.0</marc:controlfield><marc:controlfield tag="008">961101|1872|||||||    ||     ||| |||||  </marc:controlfield><marc:datafield tag="040" ind1=" " ind2=" "><marc:subfield code="a">Uk</marc:subfield><marc:subfield code="c">Uk</marc:subfield></marc:datafield><marc:datafield tag="100" ind1="1" ind2=" "><marc:subfield code="a">ACCUM, Friedrich Christian.</marc:subfield></marc:datafield><marc:datafield tag="245" ind1="1" ind2="0"><marc:subfield code="a">[Nouveau Manuel complet de la fabrication des vins de fruits ... Traduit de l'Anglais de Accum par MM. G ** [i.e. J. J. V. Guilloud] et Ol ** [i.e. - Olivier]. Refondu et considérablement augmenté, par F. Malepeyre.]</marc:subfield></marc:datafield><marc:datafield tag="250" ind1=" " ind2=" "><marc:subfield code="a">[Another edition.] Nouveau Manuel complet de la fabrication des vins de fruits ... Traduit de l'anglais de Accum, par MM. G** et Ol** [Olivier]. Nouvelle édition, refondue et augmentée ... par M. F. Malepeyre.</marc:subfield></marc:datafield><marc:datafield tag="260" ind1=" " ind2=" "><marc:subfield code="a">Paris,</marc:subfield><marc:subfield code="c">1872.</marc:subfield></marc:datafield><marc:datafield tag="300" ind1=" " ind2=" "><marc:subfield code="a">283 p. ;</marc:subfield><marc:subfield code="c">8º.</marc:subfield></marc:datafield><marc:datafield tag="490" ind1="0" ind2=" "><marc:subfield code="a">[Encyclopédie-Roret.]</marc:subfield></marc:datafield><marc:datafield tag="700" ind1="1" ind2=" "><marc:subfield code="a">MALEPEYRE, François.</marc:subfield></marc:datafield><marc:datafield tag="720" ind1=" " ind2=" "><marc:subfield code="a">G**</marc:subfield></marc:datafield><marc:datafield tag="720" ind1=" " ind2=" "><marc:subfield code="a">OL**</marc:subfield></marc:datafield><marc:datafield tag="787" ind1="0" ind2=" "><marc:subfield code="t">Nouveau Manuel complet de la fabrication des vins de fruits ... Traduit de l'Anglais de Accum par MM. G ** [i.e. J. J. V. Guilloud] et Ol ** [i.e. - Olivier]. Refondu et considérablement augmenté, par F. Malepeyre.</marc:subfield><marc:subfield code="d">pp. 234. Paris, 1851. 12º.</marc:subfield><marc:subfield code="w">(Uk)MP1.0000012267</marc:subfield></marc:datafield><marc:datafield tag="852" ind1="4" ind2="1"><marc:subfield code="a">British Library</marc:subfield><marc:subfield code="b">HMNTS</marc:subfield><marc:subfield code="j">12207.a.1/373.</marc:subfield></marc:datafield><marc:datafield tag="886" ind1="2" ind2=" "><marc:subfield code="2">blmarc</marc:subfield><marc:subfield code="a">709</marc:subfield><marc:subfield code="b">00</marc:subfield><marc:subfield code="a">G**</marc:subfield><marc:subfield code="p">12207.a.1/261.</marc:subfield><marc:subfield code="p">12207.a.1/373.</marc:subfield><marc:subfield code="x">1180960351</marc:subfield></marc:datafield><marc:datafield tag="886" ind1="2" ind2=" "><marc:subfield code="2">blmarc</marc:subfield><marc:subfield code="a">709</marc:subfield><marc:subfield code="b">00</marc:subfield><marc:subfield code="a">MALEPEYRE</marc:subfield><marc:subfield code="h">François</marc:subfield><marc:subfield code="p">12207.a.1/261.</marc:subfield><marc:subfield code="p">12207.a.1/373.</marc:subfield><marc:subfield code="x">2090230231</marc:subfield></marc:datafield><marc:datafield tag="886" ind1="2" ind2=" "><marc:subfield code="2">blmarc</marc:subfield><marc:subfield code="a">709</marc:subfield><marc:subfield code="b">00</marc:subfield><marc:subfield code="a">OL**</marc:subfield><marc:subfield code="p">12207.a.1/261.</marc:subfield><marc:subfield code="p">12207.a.1/373.</marc:subfield><marc:subfield code="x">2411060106</marc:subfield></marc:datafield></marc:record>