
<marc:record><marc:leader>00902cam a22001933  4500</marc:leader>
<marc:controlfield tag="001">000010496</marc:controlfield>
<marc:controlfield tag="003">Uk</marc:controlfield><marc:controlfield tag="005">20121128204700.0</marc:controlfield><marc:controlfield tag="008">870813|1809|||||||    ||     ||| |||||  </marc:controlfield><marc:datafield tag="040" ind1=" " ind2=" "><marc:subfield code="a">Uk</marc:subfield><marc:subfield code="c">Uk</marc:subfield></marc:datafield><marc:datafield tag="100" ind1="1" ind2=" "><marc:subfield code="a">ACCURSIO DAS NEVES, José.</marc:subfield></marc:datafield><marc:datafield tag="245" ind1="1" ind2="2"><marc:subfield code="a">A Generosidade de Jorge III. e a Ambição de Bonaparte, Wellesley, e os Generaes Francezes.</marc:subfield></marc:datafield><marc:datafield tag="260" ind1=" " ind2=" "><marc:subfield code="a">Lisboa,</marc:subfield><marc:subfield code="c">1809.</marc:subfield></marc:datafield><marc:datafield tag="300" ind1=" " ind2=" "><marc:subfield code="a">24 p. ;</marc:subfield><marc:subfield code="c">4º.</marc:subfield></marc:datafield><marc:datafield tag="700" ind1="0" ind2=" "><marc:subfield code="a">George</marc:subfield><marc:subfield code="b">III,</marc:subfield><marc:subfield code="c">King of Great Britain,</marc:subfield><marc:subfield code="d">1738-1820.</marc:subfield><marc:subfield code="t">Biographical and historical works relating to George III.</marc:subfield></marc:datafield><marc:datafield tag="700" ind1="0" ind2=" "><marc:subfield code="a">Napoleon</marc:subfield><marc:subfield code="b">I,</marc:subfield><marc:subfield code="c">Emperor of the French,</marc:subfield><marc:subfield code="d">1769-1821.</marc:subfield><marc:subfield code="t">Appendix.</marc:subfield></marc:datafield><marc:datafield tag="852" ind1="4" ind2="1"><marc:subfield code="a">British Library</marc:subfield><marc:subfield code="b">HMNTS</marc:subfield><marc:subfield code="j">8010.cc.13.</marc:subfield></marc:datafield><marc:datafield tag="886" ind1="2" ind2=" "><marc:subfield code="2">blmarc</marc:subfield><marc:subfield code="a">709</marc:subfield><marc:subfield code="b">00</marc:subfield><marc:subfield code="a">GEORGE III., King of Great Britain and Ireland</marc:subfield><marc:subfield code="t">Biographical and historical works relating to George III</marc:subfield><marc:subfield code="p">8010.cc.13.</marc:subfield><marc:subfield code="x">1221650181</marc:subfield></marc:datafield><marc:datafield tag="886" ind1="2" ind2=" "><marc:subfield code="2">blmarc</marc:subfield><marc:subfield code="a">709</marc:subfield><marc:subfield code="b">00</marc:subfield><marc:subfield code="a">NAPOLEON I., Emperor of the French</marc:subfield><marc:subfield code="t">Appendix</marc:subfield><marc:subfield code="p">8010.cc.13.</marc:subfield><marc:subfield code="x">2321380012</marc:subfield></marc:datafield></marc:record>