
<marc:record><marc:leader>00622cam a22001693  4500</marc:leader>
<marc:controlfield tag="001">000010529</marc:controlfield>
<marc:controlfield tag="003">Uk</marc:controlfield><marc:controlfield tag="005">20130723172100.0</marc:controlfield><marc:controlfield tag="008">870813|1884|||||||    ||     ||| |||||  </marc:controlfield><marc:datafield tag="040" ind1=" " ind2=" "><marc:subfield code="a">Uk</marc:subfield><marc:subfield code="c">Uk</marc:subfield></marc:datafield><marc:datafield tag="100" ind1="1" ind2=" "><marc:subfield code="a">ACE, Daniel.</marc:subfield></marc:datafield><marc:datafield tag="245" ind1="1" ind2="2"><marc:subfield code="a">A Paper ... Being an exposition of the Blasphemy Laws of England, with the reasons assigned for their necessary continuance.</marc:subfield></marc:datafield><marc:datafield tag="260" ind1=" " ind2=" "><marc:subfield code="a">London :</marc:subfield><marc:subfield code="b">E. Marlborough &amp; Co. ;</marc:subfield><marc:subfield code="a">Gainsborough :</marc:subfield><marc:subfield code="b">J. Hannam,</marc:subfield><marc:subfield code="c">[1884]</marc:subfield></marc:datafield><marc:datafield tag="260" ind1=" " ind2=" "><marc:subfield code="a">London :</marc:subfield><marc:subfield code="b">E. Marlborough &amp; Co. ;</marc:subfield><marc:subfield code="a">Gainsborough :</marc:subfield><marc:subfield code="b">J. Hannam,</marc:subfield><marc:subfield code="c">[1884]</marc:subfield></marc:datafield><marc:datafield tag="300" ind1=" " ind2=" "><marc:subfield code="a">12 p. ;</marc:subfield><marc:subfield code="c">8º.</marc:subfield></marc:datafield><marc:datafield tag="300" ind1=" " ind2=" "><marc:subfield code="a">12 p. ;</marc:subfield><marc:subfield code="c">8º.</marc:subfield></marc:datafield><marc:datafield tag="852" ind1="4" ind2="1"><marc:subfield code="a">British Library</marc:subfield><marc:subfield code="b">HMNTS</marc:subfield><marc:subfield code="j">8138.e.4.(5.)</marc:subfield></marc:datafield></marc:record>