
<marc:record><marc:leader>01019cam a22001693  4500</marc:leader>
<marc:controlfield tag="001">000010619</marc:controlfield>
<marc:controlfield tag="003">Uk</marc:controlfield><marc:controlfield tag="005">20110224145400.0</marc:controlfield><marc:controlfield tag="008">870813|1853|||||||    ||     ||| |||||  </marc:controlfield><marc:datafield tag="040" ind1=" " ind2=" "><marc:subfield code="a">Uk</marc:subfield><marc:subfield code="c">Uk</marc:subfield></marc:datafield><marc:datafield tag="100" ind1="1" ind2=" "><marc:subfield code="a">ACEVEDO, Manuel E.</marc:subfield></marc:datafield><marc:datafield tag="245" ind1="1" ind2="0"><marc:subfield code="a">Comentario o anotacion de las leyes que contiene el libro titulado “Recopilacion de leyes de la Nueva Granada” i de las sancionadas despues desde 1845 a 1852, inclusives. Por M. E. A(cevedo).</marc:subfield></marc:datafield><marc:datafield tag="260" ind1=" " ind2=" "><marc:subfield code="a">Bogota,</marc:subfield><marc:subfield code="c">1853.</marc:subfield></marc:datafield><marc:datafield tag="300" ind1=" " ind2=" "><marc:subfield code="a">112 p. ;</marc:subfield><marc:subfield code="c">8º.</marc:subfield></marc:datafield><marc:datafield tag="720" ind1=" " ind2=" "><marc:subfield code="a">NEW GRANADA, Republic of. [1831-1858.]. Laws. I. General Collections. Recopilacion de leyes de la Nueva Granada. Formada i publicada en cumplimiento de la lei de 4 de Mayo de 1843 ... Por Lino de Pombo, etc.</marc:subfield></marc:datafield><marc:datafield tag="852" ind1="4" ind2="1"><marc:subfield code="a">British Library</marc:subfield><marc:subfield code="b">HMNTS</marc:subfield><marc:subfield code="j">D-6785.b.18.</marc:subfield></marc:datafield><marc:datafield tag="886" ind1="2" ind2=" "><marc:subfield code="2">blmarc</marc:subfield><marc:subfield code="a">709</marc:subfield><marc:subfield code="b">00</marc:subfield><marc:subfield code="a">NEW GRANADA, Republic of. [1831-1858.]</marc:subfield><marc:subfield code="t">Laws</marc:subfield><marc:subfield code="t">I. General Collections</marc:subfield><marc:subfield code="t">Recopilacion de leyes de la Nueva Granada. Formada i publicada en cumplimiento de la lei de 4 de Mayo de 1843 ... Por Lino de Pombo, etc.</marc:subfield><marc:subfield code="p">6785.b.18.</marc:subfield><marc:subfield code="x">2344210199</marc:subfield></marc:datafield></marc:record>