
<marc:record><marc:leader>00607cam a22001453  4500</marc:leader>
<marc:controlfield tag="001">000010621</marc:controlfield>
<marc:controlfield tag="003">Uk</marc:controlfield><marc:controlfield tag="005">20130130181900.0</marc:controlfield><marc:controlfield tag="008">870813|1808|||||||    ||     ||| |||||  </marc:controlfield><marc:datafield tag="040" ind1=" " ind2=" "><marc:subfield code="a">Uk</marc:subfield><marc:subfield code="c">Uk</marc:subfield></marc:datafield><marc:datafield tag="100" ind1="1" ind2=" "><marc:subfield code="a">ACEVEDO, Miguel,</marc:subfield><marc:subfield code="c">Vicar General of the Franciscans in Spain.</marc:subfield></marc:datafield><marc:datafield tag="245" ind1="1" ind2="0"><marc:subfield code="a">Begin. Fr. Miguel Acevedo, lector jubilado ... a todos los religiosos de nuestra filiación y obediencia, salud y paz en nuestro Señor Jesu-Christo. [A pastoral letter, dated 29 Aug. 1808, calling for volunteers for miltary chaplaincies.]</marc:subfield></marc:datafield><marc:datafield tag="260" ind1=" " ind2=" "><marc:subfield code="a">[Madrid?,</marc:subfield><marc:subfield code="c">1808?]</marc:subfield></marc:datafield><marc:datafield tag="300" ind1=" " ind2=" "><marc:subfield code="c">fol.</marc:subfield></marc:datafield><marc:datafield tag="852" ind1="4" ind2="1"><marc:subfield code="a">British Library</marc:subfield><marc:subfield code="b">HMNTS</marc:subfield><marc:subfield code="j">1602/10.</marc:subfield></marc:datafield></marc:record>