
<marc:record><marc:leader>00422cam a22001453  4500</marc:leader>
<marc:controlfield tag="001">000010625</marc:controlfield>
<marc:controlfield tag="003">Uk</marc:controlfield><marc:controlfield tag="005">20121115180900.0</marc:controlfield><marc:controlfield tag="008">870813|1848|||||||    ||     ||| |||||  </marc:controlfield><marc:datafield tag="040" ind1=" " ind2=" "><marc:subfield code="a">Uk</marc:subfield><marc:subfield code="c">Uk</marc:subfield></marc:datafield><marc:datafield tag="100" ind1="1" ind2=" "><marc:subfield code="a">ACEVEDO, Rafael,</marc:subfield><marc:subfield code="c">of Bogotá.</marc:subfield></marc:datafield><marc:datafield tag="245" ind1="1" ind2="0"><marc:subfield code="a">Una Lijera Contestacion al Manifiesto de Páez, publicado en Santomas.</marc:subfield></marc:datafield><marc:datafield tag="260" ind1=" " ind2=" "><marc:subfield code="a">Bogotá,</marc:subfield><marc:subfield code="c">[1848]</marc:subfield></marc:datafield><marc:datafield tag="300" ind1=" " ind2=" "><marc:subfield code="a">14 p. ;</marc:subfield><marc:subfield code="c">8º.</marc:subfield></marc:datafield><marc:datafield tag="852" ind1="4" ind2="1"><marc:subfield code="a">British Library</marc:subfield><marc:subfield code="b">HMNTS</marc:subfield><marc:subfield code="j">8179.e.22.(l.)</marc:subfield></marc:datafield></marc:record>