
<marc:record><marc:leader>00677cam a22001453  4500</marc:leader>
<marc:controlfield tag="001">000010704</marc:controlfield>
<marc:controlfield tag="003">Uk</marc:controlfield><marc:controlfield tag="005">20110311165800.0</marc:controlfield><marc:controlfield tag="008">870813|1861|||||||    ||     ||| |||||  </marc:controlfield><marc:datafield tag="040" ind1=" " ind2=" "><marc:subfield code="a">Uk</marc:subfield><marc:subfield code="c">Uk</marc:subfield></marc:datafield><marc:datafield tag="100" ind1="1" ind2=" "><marc:subfield code="a">ACHA, Francisco Xavier del Carmen.</marc:subfield></marc:datafield><marc:datafield tag="245" ind1="1" ind2="0"><marc:subfield code="a">El Conflicto eclesiástico. Compilación de los documentos oficiales cambiados entre el Gobierno y la Vicaría Apostólica del Estado con motivo de la destitución del Cura de la Iglesia Matriz, y de los principales articulos publicados en el diario “La República” y en el periódico “La Revista católica”.</marc:subfield></marc:datafield><marc:datafield tag="260" ind1=" " ind2=" "><marc:subfield code="a">Montevideo,</marc:subfield><marc:subfield code="c">1861.</marc:subfield></marc:datafield><marc:datafield tag="300" ind1=" " ind2=" "><marc:subfield code="a">96 p. ;</marc:subfield><marc:subfield code="c">8º.</marc:subfield></marc:datafield><marc:datafield tag="852" ind1="4" ind2="1"><marc:subfield code="a">British Library</marc:subfield><marc:subfield code="b">HMNTS</marc:subfield><marc:subfield code="j">X.100/2266.</marc:subfield></marc:datafield></marc:record>