
<marc:record><marc:leader>00887cam a22002053  4500</marc:leader>
<marc:controlfield tag="001">000010716</marc:controlfield>
<marc:controlfield tag="003">Uk</marc:controlfield><marc:controlfield tag="005">20051111112446.0</marc:controlfield><marc:controlfield tag="008">990730|1857|||||||    ||    |||| |||||  </marc:controlfield><marc:datafield tag="040" ind1=" " ind2=" "><marc:subfield code="a">Uk</marc:subfield><marc:subfield code="c">Uk</marc:subfield></marc:datafield><marc:datafield tag="245" ind1="1" ind2="0"><marc:subfield code="a">[Presbyterorum et diaconorum Achaiæ epistola de martyrio S. Andreæ apostoli. Gr. &amp; Lat.]</marc:subfield></marc:datafield><marc:datafield tag="250" ind1=" " ind2=" "><marc:subfield code="a">[Another edition.]</marc:subfield></marc:datafield><marc:datafield tag="260" ind1=" " ind2=" "><marc:subfield code="c">1857.</marc:subfield></marc:datafield><marc:datafield tag="580" ind1=" " ind2=" "><marc:subfield code="a">In: Migne (J. P.) Patrologiæ Cursus Completus ... Series Græca. tom. 2. 1857, etc. 8º.</marc:subfield></marc:datafield><marc:datafield tag="720" ind1=" " ind2=" "><marc:subfield code="a">ACHAIA</marc:subfield><marc:subfield code="e">main entry</marc:subfield></marc:datafield><marc:datafield tag="720" ind1=" " ind2=" "><marc:subfield code="a">Andrew,</marc:subfield><marc:subfield code="c">Apostle, Saint.</marc:subfield></marc:datafield><marc:datafield tag="787" ind1="0" ind2=" "><marc:subfield code="t">Presbyterorum et diaconorum Achaiæ epistola de martyrio S. Andreæ apostoli. Gr. &amp; Lat.</marc:subfield><marc:subfield code="d">1765.</marc:subfield><marc:subfield code="w">(Uk)MP1.0000012561</marc:subfield></marc:datafield><marc:datafield tag="852" ind1="1" ind2="1"><marc:subfield code="a">British Library</marc:subfield><marc:subfield code="b">HMNTS</marc:subfield><marc:subfield code="c">SPHOA</marc:subfield><marc:subfield code="k">HLR</marc:subfield><marc:subfield code="h">270</marc:subfield></marc:datafield><marc:datafield tag="852" ind1="1" ind2="1"><marc:subfield code="a">British Library</marc:subfield><marc:subfield code="b">HMNTS</marc:subfield><marc:subfield code="c">SPHOA</marc:subfield><marc:subfield code="k">MSS</marc:subfield><marc:subfield code="h">270</marc:subfield><marc:subfield code="3">[Another copy.]</marc:subfield></marc:datafield><marc:datafield tag="886" ind1="2" ind2=" "><marc:subfield code="2">blmarc</marc:subfield><marc:subfield code="a">709</marc:subfield><marc:subfield code="b">00</marc:subfield><marc:subfield code="a">ANDREW, Saint and Apostle</marc:subfield><marc:subfield code="t">Appendix</marc:subfield><marc:subfield code="p">2001.b.</marc:subfield><marc:subfield code="x">0082420300</marc:subfield><marc:subfield code="p">469.h.1.</marc:subfield><marc:subfield code="x">0082420300</marc:subfield></marc:datafield></marc:record>