
<marc:record><marc:leader>00609cam a22001573  4500</marc:leader>
<marc:controlfield tag="001">000010922</marc:controlfield>
<marc:controlfield tag="003">Uk</marc:controlfield><marc:controlfield tag="005">20110825152400.0</marc:controlfield><marc:controlfield tag="008">870813|1866|||||||    ||    |||| |||||  </marc:controlfield><marc:datafield tag="040" ind1=" " ind2=" "><marc:subfield code="a">Uk</marc:subfield><marc:subfield code="c">Uk</marc:subfield></marc:datafield><marc:datafield tag="245" ind1="1" ind2="0"><marc:subfield code="a">Fjolnerssaga, berättad och ritad af Acharius. Facsimile efter original-pennritningar.</marc:subfield></marc:datafield><marc:datafield tag="260" ind1=" " ind2=" "><marc:subfield code="a">Stockholm,</marc:subfield><marc:subfield code="c">1866.</marc:subfield></marc:datafield><marc:datafield tag="300" ind1=" " ind2=" "><marc:subfield code="c">fol.</marc:subfield></marc:datafield><marc:datafield tag="720" ind1=" " ind2=" "><marc:subfield code="a">ACHARIUS, pseud. [i.e. Fredrik Vilhelm Scholander.]</marc:subfield><marc:subfield code="e">main entry</marc:subfield></marc:datafield><marc:datafield tag="775" ind1="0" ind2=" "><marc:subfield code="t">[Fjolnerssaga, berättad och ritad af Acharius. Facsimile efter original-pennritningar.]</marc:subfield><marc:subfield code="d">Stockholm, 1866. 4º.</marc:subfield><marc:subfield code="w">(Uk)MP1.0000012767.1</marc:subfield></marc:datafield><marc:datafield tag="852" ind1="4" ind2="1"><marc:subfield code="a">British Library</marc:subfield><marc:subfield code="b">HMNTS</marc:subfield><marc:subfield code="j">1872.c.23.</marc:subfield></marc:datafield></marc:record>