
<marc:record><marc:leader>00507cam a22001573  4500</marc:leader>
<marc:controlfield tag="001">000010988</marc:controlfield>
<marc:controlfield tag="003">Uk</marc:controlfield><marc:controlfield tag="005">20120424163700.0</marc:controlfield><marc:controlfield tag="008">870814|1900|||||||    ||     ||| |||||  </marc:controlfield><marc:datafield tag="040" ind1=" " ind2=" "><marc:subfield code="a">Uk</marc:subfield><marc:subfield code="c">Uk</marc:subfield></marc:datafield><marc:datafield tag="100" ind1="1" ind2=" "><marc:subfield code="a">ACHELIS, Hans.</marc:subfield></marc:datafield><marc:datafield tag="245" ind1="1" ind2="0"><marc:subfield code="a">Die Martyrologien; ihre Geschichte und ihr Wert, etc.</marc:subfield></marc:datafield><marc:datafield tag="260" ind1=" " ind2=" "><marc:subfield code="a">Göttingen,</marc:subfield><marc:subfield code="c">1900.</marc:subfield></marc:datafield><marc:datafield tag="300" ind1=" " ind2=" "><marc:subfield code="a">vi, 247 p. ;</marc:subfield><marc:subfield code="c">4º.</marc:subfield></marc:datafield><marc:datafield tag="490" ind1="0" ind2=" "><marc:subfield code="a">[Abhandlungen der K. Gesellschaft der Wissenschaften. Philol.-hist. Klasse. Neue Folge. Bd. 3. no. 3.]</marc:subfield></marc:datafield><marc:datafield tag="852" ind1="4" ind2="1"><marc:subfield code="a">British Library</marc:subfield><marc:subfield code="b">HMNTS</marc:subfield><marc:subfield code="j">Ac.670.</marc:subfield></marc:datafield></marc:record>