
<marc:record><marc:leader>00699cam a22001693  4500</marc:leader>
<marc:controlfield tag="001">000011146</marc:controlfield>
<marc:controlfield tag="003">Uk</marc:controlfield><marc:controlfield tag="005">20120420175200.0</marc:controlfield><marc:controlfield tag="008">870814|1849|||||||    ||    |||| |||||  </marc:controlfield><marc:datafield tag="040" ind1=" " ind2=" "><marc:subfield code="a">Uk</marc:subfield><marc:subfield code="c">Uk</marc:subfield></marc:datafield><marc:datafield tag="245" ind1="1" ind2="0"><marc:subfield code="a">Episodes of Insect Life. By “Acheta Domestica.”.</marc:subfield></marc:datafield><marc:datafield tag="260" ind1=" " ind2=" "><marc:subfield code="a">London :</marc:subfield><marc:subfield code="b">Reeve &amp; Co.,</marc:subfield><marc:subfield code="c">1849-51.</marc:subfield></marc:datafield><marc:datafield tag="300" ind1=" " ind2=" "><marc:subfield code="a">3 ser. ;</marc:subfield><marc:subfield code="c">8º.</marc:subfield></marc:datafield><marc:datafield tag="720" ind1=" " ind2=" "><marc:subfield code="a">ACHETA DOMESTICA, pseud. [i.e. L. M. Budgen.]</marc:subfield><marc:subfield code="e">main entry</marc:subfield></marc:datafield><marc:datafield tag="775" ind1="0" ind2=" "><marc:subfield code="t">[Episodes of Insect Life. By “Acheta Domestica.”]</marc:subfield><marc:subfield code="d">pp. xv. 430. Bell &amp; Daldy: London, 1867. 8º.</marc:subfield><marc:subfield code="w">(Uk)MP1.0000013012.2</marc:subfield></marc:datafield><marc:datafield tag="852" ind1="4" ind2="1"><marc:subfield code="a">British Library</marc:subfield><marc:subfield code="b">HMNTS</marc:subfield><marc:subfield code="j">1258.f.10-12.</marc:subfield></marc:datafield><marc:datafield tag="852" ind1="4" ind2="1"><marc:subfield code="a">British Library</marc:subfield><marc:subfield code="b">HMNTS</marc:subfield><marc:subfield code="j">C.109.c.4.</marc:subfield><marc:subfield code="3">[Another copy.] Episodes of Insect Life. London, 1849-51. 8º.</marc:subfield></marc:datafield></marc:record>