
<marc:record><marc:leader>00826cam a22001933  4500</marc:leader>
<marc:controlfield tag="001">000011147</marc:controlfield>
<marc:controlfield tag="003">Uk</marc:controlfield><marc:controlfield tag="005">20130716171200.0</marc:controlfield><marc:controlfield tag="008">870814|1867||||enk    ||    |||| |||||  </marc:controlfield><marc:datafield tag="040" ind1=" " ind2=" "><marc:subfield code="a">Uk</marc:subfield><marc:subfield code="c">Uk</marc:subfield></marc:datafield><marc:datafield tag="245" ind1="1" ind2="0"><marc:subfield code="a">[Episodes of Insect Life. By “Acheta Domestica.”]</marc:subfield></marc:datafield><marc:datafield tag="250" ind1=" " ind2=" "><marc:subfield code="a">[Another edition.] By Acheta Domestica, M.E.S. Edited and revised by ... J. G. Wood, etc. [With illustrations.]</marc:subfield></marc:datafield><marc:datafield tag="260" ind1=" " ind2=" "><marc:subfield code="a">London :</marc:subfield><marc:subfield code="b">Bell &amp; Daldy,</marc:subfield><marc:subfield code="c">1867.</marc:subfield></marc:datafield><marc:datafield tag="300" ind1=" " ind2=" "><marc:subfield code="a">xv, 430 p. ;</marc:subfield><marc:subfield code="c">8º.</marc:subfield></marc:datafield><marc:datafield tag="700" ind1="1" ind2=" "><marc:subfield code="a">WOOD, John George,</marc:subfield><marc:subfield code="c">M.A.</marc:subfield></marc:datafield><marc:datafield tag="720" ind1=" " ind2=" "><marc:subfield code="a">ACHETA DOMESTICA, pseud. [i.e. L. M. Budgen.]</marc:subfield><marc:subfield code="e">main entry</marc:subfield></marc:datafield><marc:datafield tag="787" ind1="0" ind2=" "><marc:subfield code="t">Episodes of Insect Life. By “Acheta Domestica.”</marc:subfield><marc:subfield code="d">3 ser. Reeve &amp; Co.: London, 1849-51. 8º.</marc:subfield><marc:subfield code="w">(Uk)MP1.0000013012</marc:subfield></marc:datafield><marc:datafield tag="852" ind1="4" ind2="1"><marc:subfield code="a">British Library</marc:subfield><marc:subfield code="b">HMNTS</marc:subfield><marc:subfield code="j">7296.bb.3.</marc:subfield></marc:datafield><marc:datafield tag="886" ind1="2" ind2=" "><marc:subfield code="2">blmarc</marc:subfield><marc:subfield code="a">709</marc:subfield><marc:subfield code="b">00</marc:subfield><marc:subfield code="a">WOOD</marc:subfield><marc:subfield code="h">John George</marc:subfield><marc:subfield code="f">M.A.</marc:subfield><marc:subfield code="p">7296.bb.3.</marc:subfield><marc:subfield code="x">3550650183</marc:subfield></marc:datafield></marc:record>