
<marc:record><marc:leader>00541cam a22001573  4500</marc:leader>
<marc:controlfield tag="001">000011149</marc:controlfield>
<marc:controlfield tag="003">Uk</marc:controlfield><marc:controlfield tag="005">20120420175200.0</marc:controlfield><marc:controlfield tag="008">870814|1866|||||||    ||     ||| |||||  </marc:controlfield><marc:datafield tag="040" ind1=" " ind2=" "><marc:subfield code="a">Uk</marc:subfield><marc:subfield code="c">Uk</marc:subfield></marc:datafield><marc:datafield tag="100" ind1="1" ind2=" "><marc:subfield code="a">ACHIARDI, Antonio d'.</marc:subfield></marc:datafield><marc:datafield tag="245" ind1="1" ind2="0"><marc:subfield code="a">Corallarj fossili del terreno nummulitico dell' Alpi Venete. Memoria. [With plates.]</marc:subfield></marc:datafield><marc:datafield tag="260" ind1=" " ind2=" "><marc:subfield code="a">Milano,</marc:subfield><marc:subfield code="c">1866, 68.</marc:subfield></marc:datafield><marc:datafield tag="300" ind1=" " ind2=" "><marc:subfield code="a">2 pt. ;</marc:subfield><marc:subfield code="c">4º.</marc:subfield></marc:datafield><marc:datafield tag="490" ind1="0" ind2=" "><marc:subfield code="a">[Memorie della Società Italiana di Scienze Naturali. tom. 2 no. 4; tom. 4. no. 1.]</marc:subfield></marc:datafield><marc:datafield tag="852" ind1="7" ind2="1"><marc:subfield code="a">British Library</marc:subfield><marc:subfield code="b">STI</marc:subfield><marc:subfield code="k">(P)</marc:subfield><marc:subfield code="h">CC 534</marc:subfield><marc:subfield code="m">-F(10)</marc:subfield><marc:subfield code="2">blsrissc</marc:subfield></marc:datafield></marc:record>