
<marc:record><marc:leader>00739cam a22001813  4500</marc:leader>
<marc:controlfield tag="001">000011163</marc:controlfield>
<marc:controlfield tag="003">Uk</marc:controlfield><marc:controlfield tag="005">20120227122105.0</marc:controlfield><marc:controlfield tag="008">870814|1832|||||||    ||    |||| |||||  </marc:controlfield><marc:datafield tag="040" ind1=" " ind2=" "><marc:subfield code="a">Uk</marc:subfield><marc:subfield code="c">Uk</marc:subfield></marc:datafield><marc:datafield tag="100" ind1="1" ind2=" "><marc:subfield code="a">Dartois, Achille,</marc:subfield><marc:subfield code="d">1791-1868.</marc:subfield></marc:datafield><marc:datafield tag="245" ind1="1" ind2="0"><marc:subfield code="a">La Prima Donna, ou la sœur de lait, comédie mêlée de chant, etc.</marc:subfield></marc:datafield><marc:datafield tag="260" ind1=" " ind2=" "><marc:subfield code="a">Paris,</marc:subfield><marc:subfield code="c">1832.</marc:subfield></marc:datafield><marc:datafield tag="300" ind1=" " ind2=" "><marc:subfield code="a">40 p. ;</marc:subfield><marc:subfield code="c">8º.</marc:subfield></marc:datafield><marc:datafield tag="700" ind1="1" ind2=" "><marc:subfield code="a">Saint-Georges, Henri,</marc:subfield><marc:subfield code="d">1801?-1875.</marc:subfield></marc:datafield><marc:datafield tag="775" ind1="0" ind2=" "><marc:subfield code="t">[La Prima Donna, ou la sœur de lait, comédie mêlée de chant, etc.]</marc:subfield><marc:subfield code="w">(Uk)MP1.0000013037.1</marc:subfield><marc:subfield code="d">pp. 14. Paris, 1835. 8º.</marc:subfield></marc:datafield><marc:datafield tag="852" ind1="4" ind2="1"><marc:subfield code="a">British Library</marc:subfield><marc:subfield code="b">HMNTS</marc:subfield><marc:subfield code="j">11738.m.38.(10.)</marc:subfield></marc:datafield><marc:datafield tag="886" ind1="2" ind2=" "><marc:subfield code="2">blmarc</marc:subfield><marc:subfield code="a">709</marc:subfield><marc:subfield code="b">00</marc:subfield><marc:subfield code="a">JULES [Henri Vernoy de Saint Georges]</marc:subfield><marc:subfield code="p">11735.i.5.(13.)</marc:subfield><marc:subfield code="x">1692010174</marc:subfield><marc:subfield code="p">11738.m.38.(10.)</marc:subfield><marc:subfield code="x">1692010166</marc:subfield></marc:datafield></marc:record>