
<marc:record><marc:leader>00822cam a22002053  4500</marc:leader>
<marc:controlfield tag="001">000011164</marc:controlfield>
<marc:controlfield tag="003">Uk</marc:controlfield><marc:controlfield tag="005">20120227121958.0</marc:controlfield><marc:controlfield tag="008">870814|1835|||||||    ||    |||| |||||  </marc:controlfield><marc:datafield tag="040" ind1=" " ind2=" "><marc:subfield code="a">Uk</marc:subfield><marc:subfield code="c">Uk</marc:subfield></marc:datafield><marc:datafield tag="100" ind1="1" ind2=" "><marc:subfield code="a">Dartois, Achille,</marc:subfield><marc:subfield code="d">1791-1868.</marc:subfield></marc:datafield><marc:datafield tag="245" ind1="1" ind2="0"><marc:subfield code="a">[La Prima Donna, ou la sœur de lait, comédie mêlée de chant, etc.]</marc:subfield></marc:datafield><marc:datafield tag="250" ind1=" " ind2=" "><marc:subfield code="a">[Another edition.]</marc:subfield></marc:datafield><marc:datafield tag="260" ind1=" " ind2=" "><marc:subfield code="a">Paris,</marc:subfield><marc:subfield code="c">1835.</marc:subfield></marc:datafield><marc:datafield tag="300" ind1=" " ind2=" "><marc:subfield code="a">14 p. ;</marc:subfield><marc:subfield code="c">8º.</marc:subfield></marc:datafield><marc:datafield tag="490" ind1="0" ind2=" "><marc:subfield code="a">[Magasin Théatral, etc. tom. 5.]</marc:subfield></marc:datafield><marc:datafield tag="700" ind1="1" ind2=" "><marc:subfield code="a">Saint-Georges, Henri,</marc:subfield><marc:subfield code="d">1801?-1875.</marc:subfield></marc:datafield><marc:datafield tag="787" ind1="0" ind2=" "><marc:subfield code="t">La Prima Donna, ou la sœur de lait, comédie mêlée de chant, etc.</marc:subfield><marc:subfield code="w">(Uk)MP1.0000013037</marc:subfield><marc:subfield code="d">pp. 40. Paris, 1832. 8º.</marc:subfield></marc:datafield><marc:datafield tag="852" ind1="4" ind2="1"><marc:subfield code="a">British Library</marc:subfield><marc:subfield code="b">HMNTS</marc:subfield><marc:subfield code="j">11735.i.5.(13.)</marc:subfield></marc:datafield><marc:datafield tag="886" ind1="2" ind2=" "><marc:subfield code="2">blmarc</marc:subfield><marc:subfield code="a">709</marc:subfield><marc:subfield code="b">00</marc:subfield><marc:subfield code="a">JULES [Henri Vernoy de Saint Georges]</marc:subfield><marc:subfield code="p">11735.i.5.(13.)</marc:subfield><marc:subfield code="x">1692010174</marc:subfield><marc:subfield code="p">11738.m.38.(10.)</marc:subfield><marc:subfield code="x">1692010166</marc:subfield></marc:datafield></marc:record>