
<marc:record><marc:leader>00975cam a22001693  4500</marc:leader>
<marc:controlfield tag="001">000011202</marc:controlfield>
<marc:controlfield tag="003">Uk</marc:controlfield><marc:controlfield tag="005">20040907140747.0</marc:controlfield><marc:controlfield tag="008">870814s1821    |||    ||    |||| |||||  </marc:controlfield><marc:datafield tag="040" ind1=" " ind2=" "><marc:subfield code="a">Uk</marc:subfield><marc:subfield code="c">Uk</marc:subfield></marc:datafield><marc:datafield tag="100" ind1="0" ind2=" "><marc:subfield code="a">Achilles Tatius</marc:subfield></marc:datafield><marc:datafield tag="245" ind1="1" ind2="0"><marc:subfield code="a">[Ἐρωτικων Ἀχιλλεως Τατιου, sive de Clitophontis &amp; Leucippes amoribus libri VIII, ex bibliotheca Cl. Salmasii. [With the Latin translation of L. A. Crucejus.] Gr. &amp; Lat.]</marc:subfield></marc:datafield><marc:datafield tag="250" ind1=" " ind2=" "><marc:subfield code="a">[Another edition.] Textum ... recensuit, Latinam Hannib. Cruceii versionem, notas selectas ... adjecit Fridericus Jacobs. Gr. &amp; Lat.</marc:subfield></marc:datafield><marc:datafield tag="260" ind1=" " ind2=" "><marc:subfield code="a">Lipsiæ,</marc:subfield><marc:subfield code="c">1821.</marc:subfield></marc:datafield><marc:datafield tag="300" ind1=" " ind2=" "><marc:subfield code="a">xxvi, 1034 p. ;</marc:subfield><marc:subfield code="c">8º.</marc:subfield></marc:datafield><marc:datafield tag="787" ind1="0" ind2=" "><marc:subfield code="t">Ἐρωτικων Ἀχιλλεως Τατιου, sive de Clitophontis &amp; Leucippes amoribus libri VIII, ex bibliotheca Cl. Salmasii. [With the Latin translation of L. A. Crucejus.] Gr. &amp; Lat.</marc:subfield><marc:subfield code="d">pp. 752. Apud Franciscum Hegerum: Lugd. Batavor., 1640. 12º.</marc:subfield><marc:subfield code="w">(Uk)MP1.0000013078</marc:subfield></marc:datafield><marc:datafield tag="852" ind1="4" ind2="1"><marc:subfield code="a">British Library</marc:subfield><marc:subfield code="b">HMNTS</marc:subfield><marc:subfield code="j">2280.d.11.</marc:subfield></marc:datafield></marc:record>