
<marc:record><marc:leader>01336cam a22002413  4500</marc:leader>
<marc:controlfield tag="001">000011224</marc:controlfield>
<marc:controlfield tag="003">Uk</marc:controlfield><marc:controlfield tag="005">20120509154800.0</marc:controlfield><marc:controlfield tag="008">870814|1814|||||||    ||    |||| |||||  </marc:controlfield><marc:datafield tag="040" ind1=" " ind2=" "><marc:subfield code="a">Uk</marc:subfield><marc:subfield code="c">Uk</marc:subfield></marc:datafield><marc:datafield tag="245" ind1="1" ind2="0"><marc:subfield code="a">[Achille Tatio ... dell' amore di Leucippe et di Clitophonte, nuouamente tradotto dalla lingua Greca [by F. A. Coccio]. Ms. notes.]</marc:subfield></marc:datafield><marc:datafield tag="250" ind1=" " ind2=" "><marc:subfield code="a">[Another edition.] Gli Amori di Leucippe e Clitofonte ... volgarizzati da A. Coccio, illustrati e corretti dal Professor Sebastiano Ciampi.</marc:subfield></marc:datafield><marc:datafield tag="260" ind1=" " ind2=" "><marc:subfield code="a">Crispoli,</marc:subfield><marc:subfield code="c">1814.</marc:subfield></marc:datafield><marc:datafield tag="300" ind1=" " ind2=" "><marc:subfield code="a">xviii, 225 p. ;</marc:subfield><marc:subfield code="c">8º.</marc:subfield></marc:datafield><marc:datafield tag="490" ind1="0" ind2=" "><marc:subfield code="a">[Collezione degli Erotici Greci, etc. vol. 1.]</marc:subfield></marc:datafield><marc:datafield tag="500" ind1=" " ind2=" "><marc:subfield code="a">The imprint is fictitious; printed at Florence.</marc:subfield></marc:datafield><marc:datafield tag="700" ind1="1" ind2=" "><marc:subfield code="a">Ciampi, Sebastiano,</marc:subfield><marc:subfield code="d">1769-1847</marc:subfield></marc:datafield><marc:datafield tag="700" ind1="1" ind2=" "><marc:subfield code="a">COCCIO, Francesco Angelo.</marc:subfield></marc:datafield><marc:datafield tag="720" ind1=" " ind2=" "><marc:subfield code="a">Achilles Tatius</marc:subfield></marc:datafield><marc:datafield tag="787" ind1="0" ind2=" "><marc:subfield code="t">Achille Tatio ... dell' amore di Leucippe et di Clitophonte, nuouamente tradotto dalla lingua Greca [by F. A. Coccio]. Ms. notes.</marc:subfield><marc:subfield code="d">ff. 113. Francesco Lorenzini: Venetia, 1560. 8º.</marc:subfield><marc:subfield code="w">(Uk)MP1.0000013091</marc:subfield></marc:datafield><marc:datafield tag="852" ind1="4" ind2="1"><marc:subfield code="a">British Library</marc:subfield><marc:subfield code="b">HMNTS</marc:subfield><marc:subfield code="j">11340.c.5.</marc:subfield></marc:datafield><marc:datafield tag="886" ind1="2" ind2=" "><marc:subfield code="2">blmarc</marc:subfield><marc:subfield code="a">709</marc:subfield><marc:subfield code="b">00</marc:subfield><marc:subfield code="a">CIAMPI</marc:subfield><marc:subfield code="h">Sebastiano</marc:subfield><marc:subfield code="p">11340.c.5.</marc:subfield><marc:subfield code="x">0622950207</marc:subfield></marc:datafield><marc:datafield tag="886" ind1="2" ind2=" "><marc:subfield code="2">blmarc</marc:subfield><marc:subfield code="a">709</marc:subfield><marc:subfield code="b">00</marc:subfield><marc:subfield code="a">COCCIO</marc:subfield><marc:subfield code="h">Francesco Angelo</marc:subfield><marc:subfield code="p">1074.b.20.</marc:subfield><marc:subfield code="x">0650190084</marc:subfield><marc:subfield code="p">1074.b.21.</marc:subfield><marc:subfield code="x">0650190084</marc:subfield><marc:subfield code="p">1074.f.31.</marc:subfield><marc:subfield code="x">0650190084</marc:subfield><marc:subfield code="p">11340.a.8.</marc:subfield><marc:subfield code="x">0650190084</marc:subfield><marc:subfield code="p">11340.c.5.</marc:subfield><marc:subfield code="x">0650190084</marc:subfield><marc:subfield code="p">243.e.40.</marc:subfield><marc:subfield code="x">0650190084</marc:subfield></marc:datafield></marc:record>