
<marc:record><marc:leader>00680cam a22001573  4500</marc:leader>
<marc:controlfield tag="001">000011227</marc:controlfield>
<marc:controlfield tag="003">Uk</marc:controlfield><marc:controlfield tag="005">20120420175200.0</marc:controlfield><marc:controlfield tag="008">870814|1851|||||||    ||     ||| |||||  </marc:controlfield><marc:datafield tag="040" ind1=" " ind2=" "><marc:subfield code="a">Uk</marc:subfield><marc:subfield code="c">Uk</marc:subfield></marc:datafield><marc:datafield tag="100" ind1="1" ind2=" "><marc:subfield code="a">ACHILLI, Giovanni Giacinto.</marc:subfield></marc:datafield><marc:datafield tag="245" ind1="1" ind2="0"><marc:subfield code="a">Dealings with the Inquisition; or, Papal Rome, her priests, and her Jesuits. With important disclosures.</marc:subfield></marc:datafield><marc:datafield tag="260" ind1=" " ind2=" "><marc:subfield code="a">London :</marc:subfield><marc:subfield code="b">A. Hall, Virtue &amp; Co.,</marc:subfield><marc:subfield code="c">1851.</marc:subfield></marc:datafield><marc:datafield tag="300" ind1=" " ind2=" "><marc:subfield code="a">vii, 490 p. ;</marc:subfield><marc:subfield code="c">12º.</marc:subfield></marc:datafield><marc:datafield tag="775" ind1="0" ind2=" "><marc:subfield code="t">[Dealings with the Inquisition; or, Papal Rome, her priests, and her Jesuits. With important disclosures.]</marc:subfield><marc:subfield code="d">pp. viii. 421. A. Hall, Virtue &amp; Co.: London, 1851. 8º.</marc:subfield><marc:subfield code="w">(Uk)MP1.0000013094.1</marc:subfield></marc:datafield><marc:datafield tag="852" ind1="4" ind2="1"><marc:subfield code="a">British Library</marc:subfield><marc:subfield code="b">HMNTS</marc:subfield><marc:subfield code="j">4605.b.19.</marc:subfield></marc:datafield></marc:record>