
<marc:record><marc:leader>01065cam a22001693  4500</marc:leader>
<marc:controlfield tag="001">000011229</marc:controlfield>
<marc:controlfield tag="003">Uk</marc:controlfield><marc:controlfield tag="005">20120120152500.0</marc:controlfield><marc:controlfield tag="008">870814|1850|||||||    ||     ||| |||||  </marc:controlfield><marc:datafield tag="040" ind1=" " ind2=" "><marc:subfield code="a">Uk</marc:subfield><marc:subfield code="c">Uk</marc:subfield></marc:datafield><marc:datafield tag="100" ind1="1" ind2=" "><marc:subfield code="a">ACHILLI, Giovanni Giacinto.</marc:subfield></marc:datafield><marc:datafield tag="245" ind1="1" ind2="0"><marc:subfield code="a">Brief Sketch of the Life of Dr. Giacinto Achilli, including a narrative of his proceedings during the Republic, his description of the Inquisition, etc. [With a portrait.]</marc:subfield></marc:datafield><marc:datafield tag="260" ind1=" " ind2=" "><marc:subfield code="a">Dublin :</marc:subfield><marc:subfield code="b">P. D. Hardy &amp; Sons,</marc:subfield><marc:subfield code="c">[1850]</marc:subfield></marc:datafield><marc:datafield tag="300" ind1=" " ind2=" "><marc:subfield code="a">70 p. ;</marc:subfield><marc:subfield code="c">16º.</marc:subfield></marc:datafield><marc:datafield tag="775" ind1="0" ind2=" "><marc:subfield code="t">[Brief Sketch of the Life of Dr. Giacinto Achilli, including a narrative of his proceedings during the Republic, his description of the Inquisition, etc. [With a portrait.]]</marc:subfield><marc:subfield code="d">pp. 70. P. D. Hardy &amp; Sons: Dublin, [1850 ?] 16º.</marc:subfield><marc:subfield code="w">(Uk)MP1.0000013095.1</marc:subfield></marc:datafield><marc:datafield tag="775" ind1="0" ind2=" "><marc:subfield code="t">[Brief Sketch of the Life of Dr. Giacinto Achilli, including a narrative of his proceedings during the Republic, his description of the Inquisition, etc. [With a portrait.]]</marc:subfield><marc:subfield code="d">pp. 36. P. D. Hardy &amp; Sons: Dublin, [1850 ?] 12º.</marc:subfield><marc:subfield code="w">(Uk)MP1.0000013095.2</marc:subfield></marc:datafield><marc:datafield tag="852" ind1="4" ind2="1"><marc:subfield code="a">British Library</marc:subfield><marc:subfield code="b">HMNTS</marc:subfield><marc:subfield code="j">4864.aa.37.</marc:subfield></marc:datafield></marc:record>