
<marc:record><marc:leader>00634cam a22001453  4500</marc:leader>
<marc:controlfield tag="001">000011394</marc:controlfield>
<marc:controlfield tag="003">Uk</marc:controlfield><marc:controlfield tag="005">20110311165800.0</marc:controlfield><marc:controlfield tag="008">870814|1860|||||||    ||     ||| |||||  </marc:controlfield><marc:datafield tag="040" ind1=" " ind2=" "><marc:subfield code="a">Uk</marc:subfield><marc:subfield code="c">Uk</marc:subfield></marc:datafield><marc:datafield tag="100" ind1="1" ind2=" "><marc:subfield code="a">ACHTEL-LEHNER, Hanns,</marc:subfield><marc:subfield code="c">pseud.</marc:subfield></marc:datafield><marc:datafield tag="245" ind1="1" ind2="0"><marc:subfield code="a">Das kaiserliche Diplom und was die Bürger und Bauern dazu sagen. Oder wie der Michl Ganz-Lehner dem Steffl Halb-Lehner und dem Seppl Viertel-Lehner den ganzen Inhalt des Diploms auf eine deutliche Weis' Punkt für Punkt explizirt und erklärt ... Mitgetheilt von Hanns Achtel-Lehner.</marc:subfield></marc:datafield><marc:datafield tag="260" ind1=" " ind2=" "><marc:subfield code="a">Wien,</marc:subfield><marc:subfield code="c">1860.</marc:subfield></marc:datafield><marc:datafield tag="300" ind1=" " ind2=" "><marc:subfield code="a">34 p. ;</marc:subfield><marc:subfield code="c">8º.</marc:subfield></marc:datafield><marc:datafield tag="852" ind1="4" ind2="1"><marc:subfield code="a">British Library</marc:subfield><marc:subfield code="b">HMNTS</marc:subfield><marc:subfield code="j">8072.aaa.96.(1.)</marc:subfield></marc:datafield></marc:record>