
<marc:record><marc:leader>00588cam a22001573  4500</marc:leader>
<marc:controlfield tag="001">000011483</marc:controlfield>
<marc:controlfield tag="003">Uk</marc:controlfield><marc:controlfield tag="005">20120209153600.0</marc:controlfield><marc:controlfield tag="008">870814|1895|||||||    ||     ||| |||||  </marc:controlfield><marc:datafield tag="040" ind1=" " ind2=" "><marc:subfield code="a">Uk</marc:subfield><marc:subfield code="c">Uk</marc:subfield></marc:datafield><marc:datafield tag="110" ind1="2" ind2=" "><marc:subfield code="a">Accademia Dafnica di Scienze, Lettere ed Arti (ACIREALE)</marc:subfield></marc:datafield><marc:datafield tag="245" ind1="1" ind2="0"><marc:subfield code="a">Atti e rendiconti. vol. 2, 3, 5, 6.</marc:subfield></marc:datafield><marc:datafield tag="260" ind1=" " ind2=" "><marc:subfield code="a">Acireale,</marc:subfield><marc:subfield code="c">1895-99.</marc:subfield></marc:datafield><marc:datafield tag="300" ind1=" " ind2=" "><marc:subfield code="c">8º.</marc:subfield></marc:datafield><marc:datafield tag="500" ind1=" " ind2=" "><marc:subfield code="a">In 1934 the Accademia Dafnica was amalgamated with the Accademia di Scienze, Lettere ed Arti dei Zelanti to form the Accademia di Scienze, Lettere e Belle Arti di Acireale.</marc:subfield></marc:datafield><marc:datafield tag="852" ind1="4" ind2="1"><marc:subfield code="a">British Library</marc:subfield><marc:subfield code="b">HMNTS</marc:subfield><marc:subfield code="j">Ac.25.d.</marc:subfield></marc:datafield></marc:record>