
<marc:record><marc:leader>00667cam a22001573  4500</marc:leader>
<marc:controlfield tag="001">000011647</marc:controlfield>
<marc:controlfield tag="003">Uk</marc:controlfield><marc:controlfield tag="005">20071220111336.0</marc:controlfield><marc:controlfield tag="008">870814s1801    enk           000 0|eng  </marc:controlfield><marc:datafield tag="040" ind1=" " ind2=" "><marc:subfield code="a">Uk</marc:subfield><marc:subfield code="c">Uk</marc:subfield></marc:datafield><marc:datafield tag="110" ind1="2" ind2=" "><marc:subfield code="a">Ackermann, Suardy &amp; Co.</marc:subfield></marc:datafield><marc:datafield tag="245" ind1="1" ind2="0"><marc:subfield code="a">Analytical hints relative to the Process of Ackermann, Suardy, &amp; Co.'s manufactories for waterproof cloths and wearing apparel, at Belgrave-Place, Chelsea, and at Messrs. Douglass and Co's, manufactory, Cuper's Bridge, Lambeth.</marc:subfield></marc:datafield><marc:datafield tag="260" ind1=" " ind2=" "><marc:subfield code="a">pp. 27. Printed for the Proprietor: London, [1801?]</marc:subfield></marc:datafield><marc:datafield tag="300" ind1=" " ind2=" "><marc:subfield code="a">27, [1] p.;</marc:subfield><marc:subfield code="c">20 cm. (12º)</marc:subfield></marc:datafield><marc:datafield tag="852" ind1="4" ind2="1"><marc:subfield code="a">British Library</marc:subfield><marc:subfield code="b">HMNTS</marc:subfield><marc:subfield code="j">D-7955.aa.4.</marc:subfield></marc:datafield><marc:datafield tag="852" ind1="4" ind2="1"><marc:subfield code="a">British Library</marc:subfield><marc:subfield code="b">HMNTS</marc:subfield><marc:subfield code="j">1568/6161.</marc:subfield></marc:datafield></marc:record>