
<marc:record><marc:leader>00529cam a22001573  4500</marc:leader>
<marc:controlfield tag="001">000011667</marc:controlfield>
<marc:controlfield tag="003">Uk</marc:controlfield><marc:controlfield tag="005">20110128153000.0</marc:controlfield><marc:controlfield tag="008">940609|1857|||||||    ||     ||| |||||  </marc:controlfield><marc:datafield tag="040" ind1=" " ind2=" "><marc:subfield code="a">Uk</marc:subfield><marc:subfield code="c">Uk</marc:subfield></marc:datafield><marc:datafield tag="100" ind1="1" ind2=" "><marc:subfield code="a">ACKERMANN, Carl August.</marc:subfield></marc:datafield><marc:datafield tag="245" ind1="1" ind2="0"><marc:subfield code="a">Repertorium der in das Gebiet der Fremdenpolizei einschlagenden, im Grossherzogthum Mecklenburg-Schwerin geltenden gesetzlichen Vorschriften ... Bearbeitet von C. A Ackerman.</marc:subfield></marc:datafield><marc:datafield tag="260" ind1=" " ind2=" "><marc:subfield code="c">1857.</marc:subfield></marc:datafield><marc:datafield tag="300" ind1=" " ind2=" "><marc:subfield code="c">8º.</marc:subfield></marc:datafield><marc:datafield tag="720" ind1=" " ind2=" "><marc:subfield code="a">MECKLENBURG-SCHWERIN</marc:subfield></marc:datafield><marc:datafield tag="852" ind1="4" ind2="1"><marc:subfield code="a">British Library</marc:subfield><marc:subfield code="b">HMNTS</marc:subfield><marc:subfield code="j">5605.e.6.</marc:subfield></marc:datafield></marc:record>