
<marc:record><marc:leader>00706cam a22001693  4500</marc:leader>
<marc:controlfield tag="001">000011669</marc:controlfield>
<marc:controlfield tag="003">Uk</marc:controlfield><marc:controlfield tag="005">20120120152500.0</marc:controlfield><marc:controlfield tag="008">870814|1861|||||||    ||     ||| |||||  </marc:controlfield><marc:datafield tag="040" ind1=" " ind2=" "><marc:subfield code="a">Uk</marc:subfield><marc:subfield code="c">Uk</marc:subfield></marc:datafield><marc:datafield tag="100" ind1="1" ind2=" "><marc:subfield code="a">ACKERMANN, Carl August.</marc:subfield></marc:datafield><marc:datafield tag="245" ind1="1" ind2="0"><marc:subfield code="a">Für die deutsche Polizei. Wider Herrn Dr. Avé-Lallemant [the author of “Die Krisis der deutschen Polizei.”]</marc:subfield></marc:datafield><marc:datafield tag="260" ind1=" " ind2=" "><marc:subfield code="a">Schwerin,</marc:subfield><marc:subfield code="c">1861.</marc:subfield></marc:datafield><marc:datafield tag="300" ind1=" " ind2=" "><marc:subfield code="a">viii, 78 p. ;</marc:subfield><marc:subfield code="c">8º.</marc:subfield></marc:datafield><marc:datafield tag="700" ind1="1" ind2=" "><marc:subfield code="a">AVÉ-LALLEMANT, Friedrich Christian Benedict.</marc:subfield><marc:subfield code="t">Die Krisis der deutschen Polizei.</marc:subfield></marc:datafield><marc:datafield tag="852" ind1="4" ind2="1"><marc:subfield code="a">British Library</marc:subfield><marc:subfield code="b">HMNTS</marc:subfield><marc:subfield code="j">8072.cc.64.(7.)</marc:subfield></marc:datafield><marc:datafield tag="886" ind1="2" ind2=" "><marc:subfield code="2">blmarc</marc:subfield><marc:subfield code="a">709</marc:subfield><marc:subfield code="b">00</marc:subfield><marc:subfield code="a">AVÉ-LALLEMANT</marc:subfield><marc:subfield code="h">Friedrich Christian Benedict</marc:subfield><marc:subfield code="t">Die Krisis der deutschen Polizei.</marc:subfield><marc:subfield code="p">8072.cc.64.(7.)</marc:subfield><marc:subfield code="x">0144140314</marc:subfield></marc:datafield></marc:record>