
<marc:record><marc:leader>00870cam a22002173  4500</marc:leader>
<marc:controlfield tag="001">000011685</marc:controlfield>
<marc:controlfield tag="003">Uk</marc:controlfield><marc:controlfield tag="005">20130709170300.0</marc:controlfield><marc:controlfield tag="008">870814|1861||||stk    ||     ||| ||eng  </marc:controlfield><marc:datafield tag="040" ind1=" " ind2=" "><marc:subfield code="a">Uk</marc:subfield><marc:subfield code="c">Uk</marc:subfield></marc:datafield><marc:datafield tag="100" ind1="1" ind2=" "><marc:subfield code="a">ACKERMANN, Constantin.</marc:subfield></marc:datafield><marc:datafield tag="245" ind1="1" ind2="4"><marc:subfield code="a">The Christian Element in Plato and the Platonic Philosophy ... Translated ... by Samuel Ralph Asbury ... With an introductory note by William G. T. Shedd.</marc:subfield></marc:datafield><marc:datafield tag="260" ind1=" " ind2=" "><marc:subfield code="a">Edinburgh :</marc:subfield><marc:subfield code="b">T. &amp; T. Clark,</marc:subfield><marc:subfield code="c">1861.</marc:subfield></marc:datafield><marc:datafield tag="300" ind1=" " ind2=" "><marc:subfield code="a">280 p. ;</marc:subfield><marc:subfield code="c">8º.</marc:subfield></marc:datafield><marc:datafield tag="700" ind1="1" ind2=" "><marc:subfield code="a">ASBURY, Samuel Ralph.</marc:subfield></marc:datafield><marc:datafield tag="700" ind1="1" ind2=" "><marc:subfield code="a">SHEDD, William Greenough Thayer.</marc:subfield></marc:datafield><marc:datafield tag="700" ind1="0" ind2=" "><marc:subfield code="a">Plato</marc:subfield><marc:subfield code="t">Appendix</marc:subfield></marc:datafield><marc:datafield tag="852" ind1="4" ind2="1"><marc:subfield code="a">British Library</marc:subfield><marc:subfield code="b">HMNTS</marc:subfield><marc:subfield code="j">8461.e.16.</marc:subfield></marc:datafield><marc:datafield tag="886" ind1="2" ind2=" "><marc:subfield code="2">blmarc</marc:subfield><marc:subfield code="a">709</marc:subfield><marc:subfield code="b">00</marc:subfield><marc:subfield code="a">ASBURY</marc:subfield><marc:subfield code="h">Samuel Ralph</marc:subfield><marc:subfield code="p">8461.e.16.</marc:subfield><marc:subfield code="x">0122630246</marc:subfield></marc:datafield><marc:datafield tag="886" ind1="2" ind2=" "><marc:subfield code="2">blmarc</marc:subfield><marc:subfield code="a">709</marc:subfield><marc:subfield code="b">00</marc:subfield><marc:subfield code="a">PLATO</marc:subfield><marc:subfield code="t">Appendix</marc:subfield><marc:subfield code="p">8461.e.16.</marc:subfield><marc:subfield code="x">2602860255</marc:subfield></marc:datafield><marc:datafield tag="886" ind1="2" ind2=" "><marc:subfield code="2">blmarc</marc:subfield><marc:subfield code="a">709</marc:subfield><marc:subfield code="b">00</marc:subfield><marc:subfield code="a">SHEDD</marc:subfield><marc:subfield code="h">William Greenough Thayer</marc:subfield><marc:subfield code="p">8461.e.16.</marc:subfield><marc:subfield code="x">3003070169</marc:subfield></marc:datafield></marc:record>