
<marc:record><marc:leader>00737cam a22001693  4500</marc:leader>
<marc:controlfield tag="001">000011687</marc:controlfield>
<marc:controlfield tag="003">Uk</marc:controlfield><marc:controlfield tag="005">20120120152500.0</marc:controlfield><marc:controlfield tag="008">870814|1840|||||||    ||     ||| |||||  </marc:controlfield><marc:datafield tag="040" ind1=" " ind2=" "><marc:subfield code="a">Uk</marc:subfield><marc:subfield code="c">Uk</marc:subfield></marc:datafield><marc:datafield tag="100" ind1="1" ind2=" "><marc:subfield code="a">ACKERMANN, Constantin.</marc:subfield></marc:datafield><marc:datafield tag="245" ind1="1" ind2="0"><marc:subfield code="a">Evangelische Christenlehre in Bibelsprüchen. Eine vollständige Spruchsammlung zu Luther's kleinem Katechismus, zusammengestellt von Dr. C. Ackermann.</marc:subfield></marc:datafield><marc:datafield tag="260" ind1=" " ind2=" "><marc:subfield code="a">Jena,</marc:subfield><marc:subfield code="c">1840.</marc:subfield></marc:datafield><marc:datafield tag="300" ind1=" " ind2=" "><marc:subfield code="a">iv, 76 p. ;</marc:subfield><marc:subfield code="c">8º.</marc:subfield></marc:datafield><marc:datafield tag="700" ind1="1" ind2=" "><marc:subfield code="a">Luther, Martin,</marc:subfield><marc:subfield code="d">1483-1546</marc:subfield><marc:subfield code="t">Separate works under subheadings. Catechismus, Kleiner. Appendix.</marc:subfield></marc:datafield><marc:datafield tag="852" ind1="4" ind2="1"><marc:subfield code="a">British Library</marc:subfield><marc:subfield code="b">HMNTS</marc:subfield><marc:subfield code="j">3040.d.5.</marc:subfield></marc:datafield><marc:datafield tag="886" ind1="2" ind2=" "><marc:subfield code="2">blmarc</marc:subfield><marc:subfield code="a">709</marc:subfield><marc:subfield code="b">00</marc:subfield><marc:subfield code="a">LUTHER</marc:subfield><marc:subfield code="h">Martin</marc:subfield><marc:subfield code="t">Separate works under subheadings</marc:subfield><marc:subfield code="t">Catechismus, Kleiner</marc:subfield><marc:subfield code="t">Appendix</marc:subfield><marc:subfield code="p">3040.d.5.</marc:subfield><marc:subfield code="x">2031230204</marc:subfield></marc:datafield></marc:record>