
<marc:record><marc:leader>00758cam a22001933  4500</marc:leader>
<marc:controlfield tag="001">000011698</marc:controlfield>
<marc:controlfield tag="003">Uk</marc:controlfield><marc:controlfield tag="005">20120120152500.0</marc:controlfield><marc:controlfield tag="008">870814|1848|||||||    ||     ||| |||||  </marc:controlfield><marc:datafield tag="040" ind1=" " ind2=" "><marc:subfield code="a">Uk</marc:subfield><marc:subfield code="c">Uk</marc:subfield></marc:datafield><marc:datafield tag="100" ind1="1" ind2=" "><marc:subfield code="a">Ackermann, Ernst Wilhelm.</marc:subfield></marc:datafield><marc:datafield tag="245" ind1="1" ind2="0"><marc:subfield code="a">Aus dem poetischen Nachlasse von E. W. Ackermann, mit einem Vorworte vom ... Dr. Ernst Raupach. Herausgegeben vom Vater des Verewigten [i.e. W. A. Ackermann].</marc:subfield></marc:datafield><marc:datafield tag="260" ind1=" " ind2=" "><marc:subfield code="a">Leipzig,</marc:subfield><marc:subfield code="c">1848.</marc:subfield></marc:datafield><marc:datafield tag="300" ind1=" " ind2=" "><marc:subfield code="a">xvi, 544 p. ;</marc:subfield><marc:subfield code="c">8º.</marc:subfield></marc:datafield><marc:datafield tag="700" ind1="1" ind2=" "><marc:subfield code="a">ACKERMANN, Wilhelm A.</marc:subfield></marc:datafield><marc:datafield tag="700" ind1="1" ind2=" "><marc:subfield code="a">RAUPACH, Ernst,</marc:subfield><marc:subfield code="c">Dr., of Berlin.</marc:subfield></marc:datafield><marc:datafield tag="852" ind1="4" ind2="1"><marc:subfield code="a">British Library</marc:subfield><marc:subfield code="b">HMNTS</marc:subfield><marc:subfield code="j">12251.f.7.</marc:subfield></marc:datafield><marc:datafield tag="886" ind1="2" ind2=" "><marc:subfield code="2">blmarc</marc:subfield><marc:subfield code="a">709</marc:subfield><marc:subfield code="b">00</marc:subfield><marc:subfield code="a">ACKERMANN</marc:subfield><marc:subfield code="h">Wilhelm A.</marc:subfield><marc:subfield code="p">12251.f.7.</marc:subfield><marc:subfield code="x">0020360207</marc:subfield></marc:datafield><marc:datafield tag="886" ind1="2" ind2=" "><marc:subfield code="2">blmarc</marc:subfield><marc:subfield code="a">709</marc:subfield><marc:subfield code="b">00</marc:subfield><marc:subfield code="a">RAUPACH</marc:subfield><marc:subfield code="h">Ernst</marc:subfield><marc:subfield code="f">Dr., of Berlin</marc:subfield><marc:subfield code="p">12251.f.7.</marc:subfield><marc:subfield code="x">2710770261</marc:subfield></marc:datafield></marc:record>