
<marc:record><marc:leader>00477cam a22001453  4500</marc:leader>
<marc:controlfield tag="001">000011730</marc:controlfield>
<marc:controlfield tag="003">Uk</marc:controlfield><marc:controlfield tag="005">20110825152400.0</marc:controlfield><marc:controlfield tag="008">870814|1805|||||||    ||     ||| |||||  </marc:controlfield><marc:datafield tag="040" ind1=" " ind2=" "><marc:subfield code="a">Uk</marc:subfield><marc:subfield code="c">Uk</marc:subfield></marc:datafield><marc:datafield tag="100" ind1="1" ind2=" "><marc:subfield code="a">ACKERMANN, Jacob Fidelis.</marc:subfield></marc:datafield><marc:datafield tag="245" ind1="1" ind2="0"><marc:subfield code="a">Infantis androgyni historia et ichnographia. Accedunt de sexu et generatione disquisitiones physiologicae et tabulae v. aeri incisae.</marc:subfield></marc:datafield><marc:datafield tag="260" ind1=" " ind2=" "><marc:subfield code="a">Jenae,</marc:subfield><marc:subfield code="c">1805.</marc:subfield></marc:datafield><marc:datafield tag="300" ind1=" " ind2=" "><marc:subfield code="a">viii, 112 p. ;</marc:subfield><marc:subfield code="c">fol.</marc:subfield></marc:datafield><marc:datafield tag="852" ind1="4" ind2="1"><marc:subfield code="a">British Library</marc:subfield><marc:subfield code="b">HMNTS</marc:subfield><marc:subfield code="j">1833.a.8.</marc:subfield></marc:datafield></marc:record>