
<marc:record><marc:leader>00723cam a22001693  4500</marc:leader>
<marc:controlfield tag="001">000011806</marc:controlfield>
<marc:controlfield tag="003">Uk</marc:controlfield><marc:controlfield tag="005">20110119132400.0</marc:controlfield><marc:controlfield tag="008">870814|1871|||||||    ||     ||| |||||  </marc:controlfield><marc:datafield tag="040" ind1=" " ind2=" "><marc:subfield code="a">Uk</marc:subfield><marc:subfield code="c">Uk</marc:subfield></marc:datafield><marc:datafield tag="100" ind1="1" ind2=" "><marc:subfield code="a">ACKERMANN, Rudolph.</marc:subfield></marc:datafield><marc:datafield tag="245" ind1="1" ind2="2"><marc:subfield code="a">A Short Account of (R. Ackermann's) Successful Exertions in behalf of the Fatherless and Widows after the war in 1814: containing letters from Mr. Wilberforce, Sir Walter Scott, Marshal Blucher, etc.</marc:subfield></marc:datafield><marc:datafield tag="260" ind1=" " ind2=" "><marc:subfield code="a">Oxford :</marc:subfield><marc:subfield code="b">Printed for private circulation,</marc:subfield><marc:subfield code="c">1871.</marc:subfield></marc:datafield><marc:datafield tag="300" ind1=" " ind2=" "><marc:subfield code="a">31 p. ;</marc:subfield><marc:subfield code="c">16º.</marc:subfield></marc:datafield><marc:datafield tag="700" ind1="1" ind2=" "><marc:subfield code="a">Wilberforce, William,</marc:subfield><marc:subfield code="d">1759-1833</marc:subfield></marc:datafield><marc:datafield tag="852" ind1="4" ind2="1"><marc:subfield code="a">British Library</marc:subfield><marc:subfield code="b">HMNTS</marc:subfield><marc:subfield code="j">8285.a.73.(9.)</marc:subfield></marc:datafield><marc:datafield tag="886" ind1="2" ind2=" "><marc:subfield code="2">blmarc</marc:subfield><marc:subfield code="a">709</marc:subfield><marc:subfield code="b">00</marc:subfield><marc:subfield code="a">WILBERFORCE</marc:subfield><marc:subfield code="h">William</marc:subfield><marc:subfield code="f">the Philanthropist</marc:subfield><marc:subfield code="p">8285.a.73.(9.)</marc:subfield><marc:subfield code="x">3510340353</marc:subfield></marc:datafield></marc:record>