
<marc:record><marc:leader>00802cam a22001933  4500</marc:leader>
<marc:controlfield tag="001">000011813</marc:controlfield>
<marc:controlfield tag="003">Uk</marc:controlfield><marc:controlfield tag="005">20110311165800.0</marc:controlfield><marc:controlfield tag="008">870814|1890|||||||    ||     ||| |||||  </marc:controlfield><marc:datafield tag="040" ind1=" " ind2=" "><marc:subfield code="a">Uk</marc:subfield><marc:subfield code="c">Uk</marc:subfield></marc:datafield><marc:datafield tag="100" ind1="1" ind2=" "><marc:subfield code="a">ACKERMANN, W.,</marc:subfield><marc:subfield code="c">Pfarrer.</marc:subfield></marc:datafield><marc:datafield tag="245" ind1="1" ind2="0"><marc:subfield code="a">Schiller und Lotte. Eine Geschichte ihrer Liebe. Zum 100jährigen Gedenktage ihrer Trauung in der Kirche zu Wenigenjena, etc.</marc:subfield></marc:datafield><marc:datafield tag="260" ind1=" " ind2=" "><marc:subfield code="a">Jena,</marc:subfield><marc:subfield code="c">1890.</marc:subfield></marc:datafield><marc:datafield tag="300" ind1=" " ind2=" "><marc:subfield code="a">42 p. ;</marc:subfield><marc:subfield code="c">8º.</marc:subfield></marc:datafield><marc:datafield tag="700" ind1="1" ind2=" "><marc:subfield code="a">Schiller, Friedrich,</marc:subfield><marc:subfield code="d">1759-1805</marc:subfield><marc:subfield code="t">Biography.</marc:subfield></marc:datafield><marc:datafield tag="700" ind1="1" ind2=" "><marc:subfield code="a">SCHILLER, Luise Charlotte Antoinette von.</marc:subfield></marc:datafield><marc:datafield tag="852" ind1="4" ind2="1"><marc:subfield code="a">British Library</marc:subfield><marc:subfield code="b">HMNTS</marc:subfield><marc:subfield code="j">10601.c.32.(3.)</marc:subfield></marc:datafield><marc:datafield tag="886" ind1="2" ind2=" "><marc:subfield code="2">blmarc</marc:subfield><marc:subfield code="a">709</marc:subfield><marc:subfield code="b">00</marc:subfield><marc:subfield code="a">SCHILLER</marc:subfield><marc:subfield code="h">Johann Christoph Friedrich von</marc:subfield><marc:subfield code="t">Biography</marc:subfield><marc:subfield code="p">10601.c.32.(3.)</marc:subfield><marc:subfield code="x">2923460243</marc:subfield></marc:datafield><marc:datafield tag="886" ind1="2" ind2=" "><marc:subfield code="2">blmarc</marc:subfield><marc:subfield code="a">709</marc:subfield><marc:subfield code="b">00</marc:subfield><marc:subfield code="a">SCHILLER</marc:subfield><marc:subfield code="h">Luise Charlotte Antoinette von</marc:subfield><marc:subfield code="p">10601.c.32.(3.)</marc:subfield><marc:subfield code="x">2923640020</marc:subfield></marc:datafield></marc:record>