
<marc:record><marc:leader>00673cam a22001453  4500</marc:leader>
<marc:controlfield tag="001">000011837</marc:controlfield>
<marc:controlfield tag="003">Uk</marc:controlfield><marc:controlfield tag="005">20120224170000.0</marc:controlfield><marc:controlfield tag="008">870814|1824|||||||    ||     ||| |||||  </marc:controlfield><marc:datafield tag="040" ind1=" " ind2=" "><marc:subfield code="a">Uk</marc:subfield><marc:subfield code="c">Uk</marc:subfield></marc:datafield><marc:datafield tag="100" ind1="1" ind2=" "><marc:subfield code="a">ACKERSDIJCK, Willem Cornelis.</marc:subfield></marc:datafield><marc:datafield tag="245" ind1="1" ind2="0"><marc:subfield code="a">Geschiedkundig onderzoek omtrent H. de Ruyter, van's Hertogenbosch, zijne inneming en verdediging van de Vesting Loevestein, etc.-Fragment van een oud Nederduitsch rijmwerk [by J. van Maerlant?]; met aanmerkingen en ophelderingen op hetzelve.</marc:subfield></marc:datafield><marc:datafield tag="260" ind1=" " ind2=" "><marc:subfield code="c">1824.</marc:subfield></marc:datafield><marc:datafield tag="580" ind1=" " ind2=" "><marc:subfield code="a">In : Leyden.-Nederlandsche Maatschappij der Letterkunde te Leyden. Nieuwe Werken. dl. 1. stuk 1. 1824, etc. 8º.</marc:subfield></marc:datafield><marc:datafield tag="852" ind1="4" ind2="1"><marc:subfield code="a">British Library</marc:subfield><marc:subfield code="b">HMNTS</marc:subfield><marc:subfield code="j">Ac.9017.</marc:subfield></marc:datafield></marc:record>