
<marc:record><marc:leader>00761cam a22001453  4500</marc:leader>
<marc:controlfield tag="001">000011838</marc:controlfield>
<marc:controlfield tag="003">Uk</marc:controlfield><marc:controlfield tag="005">20120224170000.0</marc:controlfield><marc:controlfield tag="008">870814|1831|||||||    ||     ||| |||||  </marc:controlfield><marc:datafield tag="040" ind1=" " ind2=" "><marc:subfield code="a">Uk</marc:subfield><marc:subfield code="c">Uk</marc:subfield></marc:datafield><marc:datafield tag="100" ind1="1" ind2=" "><marc:subfield code="a">ACKERSDIJCK, Willem Cornelis.</marc:subfield></marc:datafield><marc:datafield tag="245" ind1="1" ind2="0"><marc:subfield code="a">De Ligging van de plaats, in den gift-brief van Koning Karel den Eenvoudigen aan Dirk den eersten, graaf van Holland, verleend, in het begin der tiende eeuw-vermeld onder den naam van “Pladella Villa” nader onderzocht, en aangetoond in het dorp “Bladel,” in de Provincie Noord-Braband, in de Meijerij van 's Hertogenbosch.</marc:subfield></marc:datafield><marc:datafield tag="260" ind1=" " ind2=" "><marc:subfield code="c">1831.</marc:subfield></marc:datafield><marc:datafield tag="580" ind1=" " ind2=" "><marc:subfield code="a">In : Leyden.-Nederlandsche Maatschappij der Letterkunde te Leyden. Nieuwe Werken. dl. 3. stuk 2. 1824, etc. 8º.</marc:subfield></marc:datafield><marc:datafield tag="852" ind1="4" ind2="1"><marc:subfield code="a">British Library</marc:subfield><marc:subfield code="b">HMNTS</marc:subfield><marc:subfield code="j">Ac.9017.</marc:subfield></marc:datafield></marc:record>