
<marc:record><marc:leader>00679cam a22001693  4500</marc:leader>
<marc:controlfield tag="001">000011850</marc:controlfield>
<marc:controlfield tag="003">Uk</marc:controlfield><marc:controlfield tag="005">20130111044800.0</marc:controlfield><marc:controlfield tag="008">870814|1815|||||||    ||    |||| |||||  </marc:controlfield><marc:datafield tag="040" ind1=" " ind2=" "><marc:subfield code="a">Uk</marc:subfield><marc:subfield code="c">Uk</marc:subfield></marc:datafield><marc:datafield tag="245" ind1="1" ind2="0"><marc:subfield code="a">Adresse à Sa Majesté l'Empereur sur l'acte additionel aux constitutions de l'Empire, proposé à l'acceptation individuelle des français. [Signed: Ackilwers.]</marc:subfield></marc:datafield><marc:datafield tag="260" ind1=" " ind2=" "><marc:subfield code="a">Paris,</marc:subfield><marc:subfield code="c">1815.</marc:subfield></marc:datafield><marc:datafield tag="300" ind1=" " ind2=" "><marc:subfield code="a">8 p. ;</marc:subfield><marc:subfield code="c">8º.</marc:subfield></marc:datafield><marc:datafield tag="700" ind1="0" ind2=" "><marc:subfield code="a">Napoleon</marc:subfield><marc:subfield code="b">I,</marc:subfield><marc:subfield code="c">Emperor of the French,</marc:subfield><marc:subfield code="d">1769-1821.</marc:subfield><marc:subfield code="t">Appendix.</marc:subfield></marc:datafield><marc:datafield tag="720" ind1=" " ind2=" "><marc:subfield code="a">ACKILWERS</marc:subfield><marc:subfield code="e">main entry</marc:subfield></marc:datafield><marc:datafield tag="852" ind1="4" ind2="1"><marc:subfield code="a">British Library</marc:subfield><marc:subfield code="b">HMNTS</marc:subfield><marc:subfield code="j">R.129.(14.)</marc:subfield></marc:datafield><marc:datafield tag="886" ind1="2" ind2=" "><marc:subfield code="2">blmarc</marc:subfield><marc:subfield code="a">709</marc:subfield><marc:subfield code="b">00</marc:subfield><marc:subfield code="a">NAPOLEON I., Emperor of the French</marc:subfield><marc:subfield code="t">Appendix</marc:subfield><marc:subfield code="p">R.129.(14.)</marc:subfield><marc:subfield code="x">2321380020</marc:subfield></marc:datafield></marc:record>