
<marc:record><marc:leader>00607cam a22001573  4500</marc:leader>
<marc:controlfield tag="001">000011915</marc:controlfield>
<marc:controlfield tag="003">Uk</marc:controlfield><marc:controlfield tag="005">20130508174800.0</marc:controlfield><marc:controlfield tag="008">870814|1857||||enk    ||     ||| |||||  </marc:controlfield><marc:datafield tag="040" ind1=" " ind2=" "><marc:subfield code="a">Uk</marc:subfield><marc:subfield code="c">Uk</marc:subfield></marc:datafield><marc:datafield tag="100" ind1="1" ind2=" "><marc:subfield code="a">Ackland, William.</marc:subfield></marc:datafield><marc:datafield tag="245" ind1="1" ind2="0"><marc:subfield code="a">How to Take Stereoscopic Pictures ... Second edition.</marc:subfield></marc:datafield><marc:datafield tag="260" ind1=" " ind2=" "><marc:subfield code="a">London :</marc:subfield><marc:subfield code="b">Simpkin, Marshall &amp; Co. and Horne &amp; Thornthwaite,</marc:subfield><marc:subfield code="c">1857.</marc:subfield></marc:datafield><marc:datafield tag="300" ind1=" " ind2=" "><marc:subfield code="a">40 p. ;</marc:subfield><marc:subfield code="c">8º.</marc:subfield></marc:datafield><marc:datafield tag="775" ind1="0" ind2=" "><marc:subfield code="t">[How to Take Stereoscopic Pictures ... Second edition.]</marc:subfield><marc:subfield code="d">pp. 49. Simpkin, Marshall &amp; Co. and Horne &amp; Thornthwaite: London, 1859. 8º.</marc:subfield><marc:subfield code="w">(Uk)MP1.0000013838.1</marc:subfield></marc:datafield><marc:datafield tag="852" ind1="4" ind2="1"><marc:subfield code="a">British Library</marc:subfield><marc:subfield code="b">HMNTS</marc:subfield><marc:subfield code="j">787.c.52.</marc:subfield></marc:datafield></marc:record>