
<marc:record><marc:leader>00684cam a22001693  4500</marc:leader>
<marc:controlfield tag="001">000011936</marc:controlfield>
<marc:controlfield tag="003">Uk</marc:controlfield><marc:controlfield tag="005">20120120152500.0</marc:controlfield><marc:controlfield tag="008">870814|1865|||||||    ||     ||| |||||  </marc:controlfield><marc:datafield tag="040" ind1=" " ind2=" "><marc:subfield code="a">Uk</marc:subfield><marc:subfield code="c">Uk</marc:subfield></marc:datafield><marc:datafield tag="100" ind1="1" ind2=" "><marc:subfield code="a">ACKNER, Michael Johann,</marc:subfield><marc:subfield code="c">and MUELLER (Friedrich) Gymansiallehrer in Schässburg.</marc:subfield></marc:datafield><marc:datafield tag="245" ind1="1" ind2="0"><marc:subfield code="a">Die römischen Inschriften in Dacien. Gesammelt und bearbeitet von M. J. Ackner ... und F. Müller, etc.</marc:subfield></marc:datafield><marc:datafield tag="260" ind1=" " ind2=" "><marc:subfield code="a">Wien,</marc:subfield><marc:subfield code="c">1865.</marc:subfield></marc:datafield><marc:datafield tag="300" ind1=" " ind2=" "><marc:subfield code="a">xxvii, 247 p. ;</marc:subfield><marc:subfield code="c">8º.</marc:subfield></marc:datafield><marc:datafield tag="700" ind1="1" ind2=" "><marc:subfield code="a">MUELLER, Friedrich,</marc:subfield><marc:subfield code="c">Gymnasiallehrer in Schaessburg.</marc:subfield></marc:datafield><marc:datafield tag="852" ind1="4" ind2="1"><marc:subfield code="a">British Library</marc:subfield><marc:subfield code="b">HMNTS</marc:subfield><marc:subfield code="j">7707.bb.2.</marc:subfield></marc:datafield><marc:datafield tag="886" ind1="2" ind2=" "><marc:subfield code="2">blmarc</marc:subfield><marc:subfield code="a">709</marc:subfield><marc:subfield code="b">00</marc:subfield><marc:subfield code="a">MUELLER</marc:subfield><marc:subfield code="h">Friedrich</marc:subfield><marc:subfield code="f">Gymnasiallehrer in Schaessburg</marc:subfield><marc:subfield code="p">7707.bb.2.</marc:subfield><marc:subfield code="x">2291160060</marc:subfield></marc:datafield></marc:record>